logIndex,logTime,¦¤logTime[ms],length,timeStamp[s],¦¤timeStamp[ms],seq,ID,msgcnt,¦¤msgcnt,Path Index,Offset,Offset(Adj),Cyclic Counter,Last Stub at Offset,Rerouting Flag,Sub-path Index,Retransmission,Update,Relative Probability,Functional Road Class,Part of Calculated route,Expressway Flag,Form of Way,Turn angle,Number of Lanes in driving direction
1016,2025-01-31 01:52:05.836314,0.0,8,59.920291,0.0,1,0xcaf00370,0,0,2,8191,8191,0,0,0,0,1,0,31,7,3,0,15,254,15
1018,2025-01-31 01:52:05.836402,0.088,8,59.920379,0.088,7,0xcaf00370,0,0,2,8191,8191,0,0,0,0,1,0,31,7,3,0,15,254,15
2662,2025-01-31 01:52:05.885755,49.353,8,59.969732,49.353,1,0xcaf00370,0,0,2,8191,8191,1,0,0,0,1,0,31,7,3,0,15,254,15
2663,2025-01-31 01:52:05.885769,0.014,8,59.969746,0.014,7,0xcaf00370,0,0,2,8191,8191,1,0,0,0,1,0,31,7,3,0,15,254,15
4278,2025-01-31 01:52:05.936936,51.166999999999994,8,60.020913,51.167,1,0xcaf00370,0,0,2,8191,8191,2,0,0,0,1,0,31,7,3,0,15,254,15
4279,2025-01-31 01:52:05.936949,0.013,8,60.020926,0.013,7,0xcaf00370,0,0,2,8191,8191,2,0,0,0,1,0,31,7,3,0,15,254,15
5901,2025-01-31 01:52:05.986109,49.160000000000004,8,60.070086,49.16,1,0xcaf00370,0,0,2,8191,8191,3,0,0,0,1,0,31,7,3,0,15,254,15
5903,2025-01-31 01:52:05.986121,0.012,8,60.070098,0.012,7,0xcaf00370,0,0,2,8191,8191,3,0,0,0,1,0,31,7,3,0,15,254,15
8159,2025-01-31 01:52:06.056494,70.373,8,60.140471,70.373,1,0xcaf00370,0,0,2,8191,8191,0,0,0,0,1,0,31,7,3,0,15,254,15
8160,2025-01-31 01:52:06.056503,0.009000000000000001,8,60.14048,0.009,7,0xcaf00370,0,0,2,8191,8191,0,0,0,0,1,0,31,7,3,0,15,254,15
9796,2025-01-31 01:52:06.105979,49.476,8,60.189956,49.476,1,0xcaf00370,0,0,2,8191,8191,1,0,0,0,1,0,31,7,3,0,15,254,15
9797,2025-01-31 01:52:06.105983,0.004,8,60.18996,0.004,7,0xcaf00370,0,0,2,8191,8191,1,0,0,0,1,0,31,7,3,0,15,254,15
11374,2025-01-31 01:52:06.156430,50.446999999999996,8,60.240407,50.447,7,0xcaf00370,0,0,2,8191,8191,2,0,0,0,1,0,31,7,3,0,15,254,15
11375,2025-01-31 01:52:06.156436,0.006,8,60.240413,0.006,1,0xcaf00370,0,0,2,8191,8191,2,0,0,0,1,0,31,7,3,0,15,254,15
13011,2025-01-31 01:52:06.205583,49.147000000000006,8,60.28956,49.147,7,0xcaf00370,0,0,2,8191,8191,3,0,0,0,1,0,31,7,3,0,15,254,15
13012,2025-01-31 01:52:06.205597,0.014,8,60.289574,0.014,1,0xcaf00370,0,0,2,8191,8191,3,0,0,0,1,0,31,7,3,0,15,254,15
14940,2025-01-31 01:52:06.265779,60.182,8,60.349756,60.182,7,0xcaf00370,0,0,2,8191,8191,0,0,0,0,1,0,31,7,3,0,15,254,15
14942,2025-01-31 01:52:06.265848,0.06899999999999999,8,60.349825,0.069,1,0xcaf00370,0,0,2,8191,8191,0,0,0,0,1,0,31,7,3,0,15,254,15
16621,2025-01-31 01:52:06.316558,50.71,8,60.400535,50.71,7,0xcaf00370,0,0,2,8191,8191,1,0,0,0,1,0,31,7,3,0,15,254,15
16622,2025-01-31 01:52:06.316579,0.020999999999999998,8,60.400556,0.021,1,0xcaf00370,0,0,2,8191,8191,1,0,0,0,1,0,31,7,3,0,15,254,15
18607,2025-01-31 01:52:06.376819,60.24,8,60.460796,60.24,7,0xcaf00370,0,0,2,8191,8191,2,0,0,0,1,0,31,7,3,0,15,254,15
18608,2025-01-31 01:52:06.376846,0.027,8,60.460823,0.027,1,0xcaf00370,0,0,2,8191,8191,2,0,0,0,1,0,31,7,3,0,15,254,15
20330,2025-01-31 01:52:06.425604,48.758,8,60.509581,48.758,7,0xcaf00370,0,0,2,8191,8191,3,0,0,0,1,0,31,7,3,0,15,254,15
20332,2025-01-31 01:52:06.425633,0.029,8,60.50961,0.029,1,0xcaf00370,0,0,2,8191,8191,3,0,0,0,1,0,31,7,3,0,15,254,15
22273,2025-01-31 01:52:06.485958,60.324999999999996,8,60.569935,60.325,7,0xcaf00370,0,0,2,8191,8191,0,0,0,0,1,0,31,7,3,0,15,254,15
22275,2025-01-31 01:52:06.485993,0.034999999999999996,8,60.56997,0.035,1,0xcaf00370,0,0,2,8191,8191,0,0,0,0,1,0,31,7,3,0,15,254,15
23834,2025-01-31 01:52:06.535454,49.461,8,60.619431,49.461,1,0xcaf00370,0,0,2,8191,8191,1,0,0,0,1,0,31,7,3,0,15,254,15
23844,2025-01-31 01:52:06.535631,0.177,8,60.619608,0.177,7,0xcaf00370,0,0,2,8191,8191,1,0,0,0,1,0,31,7,3,0,15,254,15
26192,2025-01-31 01:52:06.605613,69.982,8,60.689591,69.983,7,0xcaf00370,0,0,2,8191,8191,2,0,0,0,1,0,31,7,3,0,15,254,15
26193,2025-01-31 01:52:06.605657,0.044,8,60.689634,0.043,1,0xcaf00370,0,0,2,8191,8191,2,0,0,0,1,0,31,7,3,0,15,254,15
27726,2025-01-31 01:52:06.655461,49.804,8,60.739438,49.804,1,0xcaf00370,0,0,2,8191,8191,3,0,0,0,1,0,31,7,3,0,15,254,15
27745,2025-01-31 01:52:06.655788,0.32699999999999996,8,60.739765,0.327,7,0xcaf00370,0,0,2,8191,8191,3,0,0,0,1,0,31,7,3,0,15,254,15
29742,2025-01-31 01:52:06.715558,59.769999999999996,8,60.799535,59.77,1,0xcaf00370,0,0,2,8191,8191,0,0,0,0,1,0,31,7,3,0,15,254,15
29756,2025-01-31 01:52:06.715801,0.243,8,60.799777,0.242,7,0xcaf00370,0,0,2,8191,8191,0,0,0,0,1,0,31,7,3,0,15,254,15
31377,2025-01-31 01:52:06.766083,50.282000000000004,8,60.85006,50.283,7,0xcaf00370,0,0,2,8191,8191,1,0,0,0,1,0,31,7,3,0,15,254,15
31378,2025-01-31 01:52:06.766139,0.056,8,60.850115,0.055,1,0xcaf00370,0,0,2,8191,8191,1,0,0,0,1,0,31,7,3,0,15,254,15
33045,2025-01-31 01:52:06.816715,50.576,8,60.900692,50.577,7,0xcaf00370,0,0,2,8191,8191,2,0,0,0,1,0,31,7,3,0,15,254,15
33046,2025-01-31 01:52:06.816773,0.058,8,60.90075,0.058,1,0xcaf00370,0,0,2,8191,8191,2,0,0,0,1,0,31,7,3,0,15,254,15
34656,2025-01-31 01:52:06.866387,49.614,8,60.950364,49.614,7,0xcaf00370,0,0,2,8191,8191,3,0,0,0,1,0,31,7,3,0,15,254,15
34658,2025-01-31 01:52:06.866450,0.063,8,60.950427,0.063,1,0xcaf00370,0,0,2,8191,8191,3,0,0,0,1,0,31,7,3,0,15,254,15
36611,2025-01-31 01:52:06.926663,60.213,8,61.01064,60.213,7,0xcaf00370,0,0,2,8191,8191,0,0,0,0,1,0,31,7,3,0,15,254,15
36612,2025-01-31 01:52:06.926731,0.068,8,61.010708,0.068,1,0xcaf00370,0,0,2,8191,8191,0,0,0,0,1,0,31,7,3,0,15,254,15
38218,2025-01-31 01:52:06.976666,49.935,8,61.060644,49.936,7,0xcaf00370,0,0,2,8191,8191,1,0,0,0,1,0,31,7,3,0,15,254,15
38219,2025-01-31 01:52:06.976737,0.07100000000000001,8,61.060715,0.071,1,0xcaf00370,0,0,2,8191,8191,1,0,0,0,1,0,31,7,3,0,15,254,15
40464,2025-01-31 01:52:07.046696,69.95899999999999,8,61.130673,69.958,7,0xcaf00370,0,0,2,8191,8191,2,0,0,0,1,0,31,7,3,0,15,254,15
40468,2025-01-31 01:52:07.046820,0.124,8,61.130797,0.124,1,0xcaf00370,0,0,2,8191,8191,2,0,0,0,1,0,31,7,3,0,15,254,15
42105,2025-01-31 01:52:07.095726,48.906,8,61.179703,48.906,7,0xcaf00370,0,0,2,8191,8191,3,0,0,0,1,0,31,7,3,0,15,254,15
42108,2025-01-31 01:52:07.095803,0.077,8,61.17978,0.077,1,0xcaf00370,0,0,2,8191,8191,3,0,0,0,1,0,31,7,3,0,15,254,15
44027,2025-01-31 01:52:07.155765,59.962,8,61.239742,59.962,7,0xcaf00370,0,0,2,8191,8191,0,0,0,0,1,0,31,7,3,0,15,254,15
44032,2025-01-31 01:52:07.155842,0.077,8,61.239819,0.077,1,0xcaf00370,0,0,2,8191,8191,0,0,0,0,1,0,31,7,3,0,15,254,15
45717,2025-01-31 01:52:07.206424,50.582,8,61.290401,50.582,7,0xcaf00370,0,0,2,8191,8191,1,0,0,0,1,0,31,7,3,0,15,254,15
45718,2025-01-31 01:52:07.206502,0.078,8,61.290479,0.078,1,0xcaf00370,0,0,2,8191,8191,1,0,0,0,1,0,31,7,3,0,15,254,15
47662,2025-01-31 01:52:07.266259,59.757,8,61.350236,59.757,7,0xcaf00370,0,0,2,8191,8191,2,0,0,0,1,0,31,7,3,0,15,254,15
47664,2025-01-31 01:52:07.266340,0.081,8,61.350316,0.08,1,0xcaf00370,0,0,2,8191,8191,2,0,0,0,1,0,31,7,3,0,15,254,15
49267,2025-01-31 01:52:07.315546,49.206,8,61.399523,49.207,1,0xcaf00370,0,0,2,8191,8191,3,0,0,0,1,0,31,7,3,0,15,254,15
49268,2025-01-31 01:52:07.315565,0.019,8,61.399542,0.019,7,0xcaf00370,0,0,2,8191,8191,3,0,0,0,1,0,31,7,3,0,15,254,15
51277,2025-01-31 01:52:07.375906,60.341,8,61.459883,60.341,7,0xcaf00370,0,0,2,8191,8191,0,0,0,0,1,0,31,7,3,0,15,254,15
51283,2025-01-31 01:52:07.376009,0.103,8,61.459986,0.103,1,0xcaf00370,0,0,2,8191,8191,0,0,0,0,1,0,31,7,3,0,15,254,15
52967,2025-01-31 01:52:07.426147,50.138000000000005,8,61.510124,50.138,7,0xcaf00370,0,0,2,8191,8191,1,0,0,0,1,0,31,7,3,0,15,254,15
52968,2025-01-31 01:52:07.426151,0.004,8,61.510128,0.004,1,0xcaf00370,0,0,2,8191,8191,1,0,0,0,1,0,31,7,3,0,15,254,15
54906,2025-01-31 01:52:07.486269,60.117999999999995,8,61.570246,60.118,7,0xcaf00370,0,0,2,8191,8191,2,0,0,0,1,0,31,7,3,0,15,254,15
54909,2025-01-31 01:52:07.486365,0.096,8,61.570342,0.096,1,0xcaf00370,0,0,2,8191,8191,2,0,0,0,1,0,31,7,3,0,15,254,15
56458,2025-01-31 01:52:07.535517,49.152,8,61.619494,49.152,7,0xcaf00370,0,0,2,8191,8191,3,0,0,0,1,0,31,7,3,0,15,254,15
56475,2025-01-31 01:52:07.535805,0.28800000000000003,8,61.619782,0.288,1,0xcaf00370,0,0,2,8191,8191,3,0,0,0,1,0,31,7,3,0,15,254,15
58508,2025-01-31 01:52:07.595857,60.052,8,61.679834,60.052,1,0xcaf00370,0,0,2,8191,8191,0,0,0,0,1,0,31,7,3,0,15,254,15
58515,2025-01-31 01:52:07.596030,0.17300000000000001,8,61.680007,0.173,7,0xcaf00370,0,0,2,8191,8191,0,0,0,0,1,0,31,7,3,0,15,254,15
60094,2025-01-31 01:52:07.645985,49.955,8,61.729962,49.955,1,0xcaf00370,0,0,2,8191,8191,1,0,0,0,1,0,31,7,3,0,15,254,15
60099,2025-01-31 01:52:07.646135,0.15,8,61.730112,0.15,7,0xcaf00370,0,0,2,8191,8191,1,0,0,0,1,0,31,7,3,0,15,254,15
62031,2025-01-31 01:52:07.705427,59.291999999999994,8,61.789404,59.292,7,0xcaf00370,0,0,2,8191,8191,2,0,0,0,1,0,31,7,3,0,15,254,15
62039,2025-01-31 01:52:07.705534,0.107,8,61.789511,0.107,1,0xcaf00370,0,0,2,8191,8191,2,0,0,0,1,0,31,7,3,0,15,254,15
63629,2025-01-31 01:52:07.755535,50.001,8,61.839512,50.001,7,0xcaf00370,0,0,2,8191,8191,3,0,0,0,1,0,31,7,3,0,15,254,15
63657,2025-01-31 01:52:07.756018,0.483,8,61.839995,0.483,1,0xcaf00370,0,0,2,8191,8191,3,0,0,0,1,0,31,7,3,0,15,254,15
65688,2025-01-31 01:52:07.816451,60.433,8,61.900428,60.433,1,0xcaf00370,0,0,2,8191,8191,0,0,0,0,1,0,31,7,3,0,15,254,15
65691,2025-01-31 01:52:07.816501,0.05,8,61.900478,0.05,7,0xcaf00370,0,0,2,8191,8191,0,0,0,0,1,0,31,7,3,0,15,254,15
67326,2025-01-31 01:52:07.865708,49.207,8,61.949685,49.207,7,0xcaf00370,0,0,2,8191,8191,1,0,0,0,1,0,31,7,3,0,15,254,15
67346,2025-01-31 01:52:07.866336,0.628,8,61.950313,0.628,1,0xcaf00370,0,0,2,8191,8191,1,0,0,0,1,0,31,7,3,0,15,254,15
69590,2025-01-31 01:52:07.935553,69.217,8,62.01953,69.217,7,0xcaf00370,0,0,2,8191,8191,2,0,0,0,1,0,31,7,3,0,15,254,15
69600,2025-01-31 01:52:07.935666,0.11299999999999999,8,62.019643,0.113,1,0xcaf00370,0,0,2,8191,8191,2,0,0,0,1,0,31,7,3,0,15,254,15
71257,2025-01-31 01:52:07.986438,50.772,8,62.070415,50.772,7,0xcaf00370,0,0,2,8191,8191,3,0,0,0,1,0,31,7,3,0,15,254,15
71259,2025-01-31 01:52:07.986559,0.121,8,62.070536,0.121,1,0xcaf00370,0,0,2,8191,8191,3,0,0,0,1,0,31,7,3,0,15,254,15
72810,2025-01-31 01:52:08.035512,48.953,8,62.119489,48.953,1,0xcaf00370,0,0,2,8191,8191,0,0,0,0,1,0,31,7,3,0,15,254,15
72836,2025-01-31 01:52:08.036034,0.522,8,62.120011,0.522,7,0xcaf00370,0,0,2,8191,8191,0,0,0,0,1,0,31,7,3,0,15,254,15
74471,2025-01-31 01:52:08.085840,49.806000000000004,8,62.169817,49.806,7,0xcaf00370,0,0,2,8191,8191,1,0,0,0,1,0,31,7,3,0,15,254,15
74475,2025-01-31 01:52:08.085939,0.09899999999999999,8,62.169916,0.099,1,0xcaf00370,0,0,2,8191,8191,1,0,0,0,1,0,31,7,3,0,15,254,15
76416,2025-01-31 01:52:08.145993,60.054,8,62.22997,60.054,7,0xcaf00370,0,0,2,8191,8191,2,0,0,0,1,0,31,7,3,0,15,254,15
76418,2025-01-31 01:52:08.146069,0.076,8,62.230045,0.075,1,0xcaf00370,0,0,2,8191,8191,2,0,0,0,1,0,31,7,3,0,15,254,15
78098,2025-01-31 01:52:08.196494,50.425,8,62.280471,50.426,7,0xcaf00370,0,0,2,8191,8191,3,0,0,0,1,0,31,7,3,0,15,254,15
78103,2025-01-31 01:52:08.196601,0.107,8,62.280578,0.107,1,0xcaf00370,0,0,2,8191,8191,3,0,0,0,1,0,31,7,3,0,15,254,15
79698,2025-01-31 01:52:08.246634,50.033,8,62.330611,50.033,1,0xcaf00370,0,0,2,8191,8191,0,0,0,0,1,0,31,7,3,0,15,254,15
79705,2025-01-31 01:52:08.246877,0.243,8,62.330854,0.243,7,0xcaf00370,0,0,2,8191,8191,0,0,0,0,1,0,31,7,3,0,15,254,15
81377,2025-01-31 01:52:08.296716,49.839,8,62.380693,49.839,1,0xcaf00370,0,0,2,8191,8191,1,0,0,0,1,0,31,7,3,0,15,254,15
81382,2025-01-31 01:52:08.297048,0.332,8,62.381025,0.332,7,0xcaf00370,0,0,2,8191,8191,1,0,0,0,1,0,31,7,3,0,15,254,15
83633,2025-01-31 01:52:08.366215,69.167,8,62.450192,69.167,1,0xcaf00370,0,0,2,8191,8191,2,0,0,0,1,0,31,7,3,0,15,254,15
83645,2025-01-31 01:52:08.366616,0.40099999999999997,8,62.450593,0.401,7,0xcaf00370,0,0,2,8191,8191,2,0,0,0,1,0,31,7,3,0,15,254,15
85313,2025-01-31 01:52:08.416630,50.014,8,62.500607,50.014,1,0xcaf00370,0,0,2,8191,8191,3,0,0,0,1,0,31,7,3,0,15,254,15
85339,2025-01-31 01:52:08.417642,1.012,8,62.501619,1.012,7,0xcaf00370,0,0,2,8191,8191,3,0,0,0,1,0,31,7,3,0,15,254,15
87220,2025-01-31 01:52:08.476706,59.064,8,62.560683,59.064,1,0xcaf00370,0,0,2,8191,8191,0,0,0,0,1,0,31,7,3,0,15,254,15
87248,2025-01-31 01:52:08.478100,1.3940000000000001,8,62.562077,1.394,7,0xcaf00370,0,0,2,8191,8191,0,0,0,0,1,0,31,7,3,0,15,254,15
88805,2025-01-31 01:52:08.525696,47.596,8,62.609673,47.596,1,0xcaf00370,0,0,2,8191,8191,1,0,0,0,1,0,31,7,3,0,15,254,15
88850,2025-01-31 01:52:08.527140,1.444,8,62.611117,1.444,7,0xcaf00370,0,0,2,8191,8191,1,0,0,0,1,0,31,7,3,0,15,254,15
90497,2025-01-31 01:52:08.578225,51.085,8,62.662202,51.085,1,0xcaf00370,0,0,2,8191,8191,2,0,0,0,1,0,31,7,3,0,15,254,15
90550,2025-01-31 01:52:08.579733,1.508,8,62.66371,1.508,7,0xcaf00370,0,0,2,8191,8191,2,0,0,0,1,0,31,7,3,0,15,254,15
92074,2025-01-31 01:52:08.625702,45.969,8,62.709679,45.969,1,0xcaf00370,0,0,2,8191,8191,3,0,0,0,1,0,31,7,3,0,15,254,15
92132,2025-01-31 01:52:08.627633,1.931,8,62.71161,1.931,7,0xcaf00370,0,0,2,8191,8191,3,0,0,0,1,0,31,7,3,0,15,254,15
94030,2025-01-31 01:52:08.685878,58.245,8,62.769855,58.245,1,0xcaf00370,0,0,2,8191,8191,0,0,0,0,1,0,31,7,3,0,15,254,15
94096,2025-01-31 01:52:08.688205,2.327,8,62.772182,2.327,7,0xcaf00370,0,0,2,8191,8191,0,0,0,0,1,0,31,7,3,0,15,254,15
95630,2025-01-31 01:52:08.735528,47.323,8,62.819505,47.323,1,0xcaf00370,0,0,2,8191,8191,1,0,0,0,1,0,31,7,3,0,15,254,15
95721,2025-01-31 01:52:08.738352,2.8240000000000003,8,62.822329,2.824,7,0xcaf00370,0,0,2,8191,8191,1,0,0,0,1,0,31,7,3,0,15,254,15
97633,2025-01-31 01:52:08.796450,58.098,8,62.880427,58.098,1,0xcaf00370,0,0,2,8191,8191,2,0,0,0,1,0,31,7,3,0,15,254,15
97703,2025-01-31 01:52:08.799251,2.801,8,62.883228,2.801,7,0xcaf00370,0,0,2,8191,8191,2,0,0,0,1,0,31,7,3,0,15,254,15
99251,2025-01-31 01:52:08.846591,47.34,8,62.930568,47.34,1,0xcaf00370,0,0,2,8191,8191,3,0,0,0,1,0,31,7,3,0,15,254,15
99330,2025-01-31 01:52:08.849800,3.209,8,62.933777,3.209,7,0xcaf00370,0,0,2,8191,8191,3,0,0,0,1,0,31,7,3,0,15,254,15
101186,2025-01-31 01:52:08.905775,55.974999999999994,8,62.989752,55.975,1,0xcaf00370,0,0,2,8191,8191,0,0,0,0,1,0,31,7,3,0,15,254,15
101272,2025-01-31 01:52:08.909015,3.2399999999999998,8,62.992992,3.24,7,0xcaf00370,0,0,2,8191,8191,0,0,0,0,1,0,31,7,3,0,15,254,15
102805,2025-01-31 01:52:08.956407,47.391999999999996,8,63.040384,47.392,1,0xcaf00370,0,0,2,8191,8191,1,0,0,0,1,0,31,7,3,0,15,254,15
102913,2025-01-31 01:52:08.959947,3.54,8,63.043924,3.54,7,0xcaf00370,0,0,2,8191,8191,1,0,0,0,1,0,31,7,3,0,15,254,15
104744,2025-01-31 01:52:09.016400,56.453,8,63.100377,56.453,1,0xcaf00370,0,0,2,8191,8191,2,0,0,0,1,0,31,7,3,0,15,254,15
104850,2025-01-31 01:52:09.020233,3.833,8,63.10421,3.833,7,0xcaf00370,0,0,2,8191,8191,2,0,0,0,1,0,31,7,3,0,15,254,15
106349,2025-01-31 01:52:09.066038,45.805,8,63.150015,45.805,1,0xcaf00370,0,0,2,8191,8191,3,0,0,0,1,0,31,7,3,0,15,254,15
106455,2025-01-31 01:52:09.070047,4.009,8,63.154024,4.009,7,0xcaf00370,0,0,2,8191,8191,3,0,0,0,1,0,31,7,3,0,15,254,15
108360,2025-01-31 01:52:09.128857,58.81,8,63.212834,58.81,1,0xcaf00370,0,0,2,8191,8191,0,0,0,0,1,0,31,7,3,0,15,254,15
108481,2025-01-31 01:52:09.133198,4.341,8,63.217175,4.341,7,0xcaf00370,0,0,2,8191,8191,0,0,0,0,1,0,31,7,3,0,15,254,15
109913,2025-01-31 01:52:09.176598,43.4,8,63.260575,43.4,1,0xcaf00370,0,0,2,8191,8191,1,0,0,0,1,0,31,7,3,0,15,254,15
110060,2025-01-31 01:52:09.181330,4.732,8,63.265307,4.732,7,0xcaf00370,0,0,2,8191,8191,1,0,0,0,1,0,31,7,3,0,15,254,15
112191,2025-01-31 01:52:09.246082,64.75200000000001,8,63.330059,64.752,1,0xcaf00370,0,0,2,8191,8191,2,0,0,0,1,0,31,7,3,0,15,254,15
112325,2025-01-31 01:52:09.250969,4.887,8,63.334946,4.887,7,0xcaf00370,0,0,2,8191,8191,2,0,0,0,1,0,31,7,3,0,15,254,15
113885,2025-01-31 01:52:09.296701,45.732,8,63.380678,45.732,1,0xcaf00370,0,0,2,8191,8191,3,0,0,0,1,0,31,7,3,0,15,254,15
114012,2025-01-31 01:52:09.301412,4.711,8,63.385389,4.711,7,0xcaf00370,0,0,2,8191,8191,3,0,0,0,1,0,31,7,3,0,15,254,15
115499,2025-01-31 01:52:09.346359,44.947,8,63.430336,44.947,1,0xcaf00370,0,0,2,8191,8191,0,0,0,0,1,0,31,7,3,0,15,254,15
115611,2025-01-31 01:52:09.351005,4.646,8,63.434982,4.646,7,0xcaf00370,0,0,2,8191,8191,0,0,0,0,1,0,31,7,3,0,15,254,15
117282,2025-01-31 01:52:09.396683,45.678000000000004,8,63.48066,45.678,1,0xcaf00370,0,0,2,8191,8191,1,0,0,0,1,0,31,7,3,0,15,254,15
117420,2025-01-31 01:52:09.401363,4.68,8,63.48534,4.68,7,0xcaf00370,0,0,2,8191,8191,1,0,0,0,1,0,31,7,3,0,15,254,15
119213,2025-01-31 01:52:09.456898,55.535000000000004,8,63.540875,55.535,1,0xcaf00370,0,0,2,8191,8191,2,0,0,0,1,0,31,7,3,0,15,254,15
119353,2025-01-31 01:52:09.461562,4.664,8,63.545539,4.664,7,0xcaf00370,0,0,2,8191,8191,2,0,0,0,1,0,31,7,3,0,15,254,15
120809,2025-01-31 01:52:09.505472,43.91,8,63.589449,43.91,1,0xcaf00370,0,0,2,8191,8191,3,0,0,0,1,0,31,7,3,0,15,254,15
120935,2025-01-31 01:52:09.510124,4.652,8,63.594101,4.652,7,0xcaf00370,0,0,2,8191,8191,3,0,0,0,1,0,31,7,3,0,15,254,15
123190,2025-01-31 01:52:09.578751,68.627,8,63.662728,68.627,1,0xcaf00370,0,0,2,8191,8191,0,0,0,0,1,0,31,7,3,0,15,254,15
123341,2025-01-31 01:52:09.583436,4.685,8,63.667413,4.685,7,0xcaf00370,0,0,2,8191,8191,0,0,0,0,1,0,31,7,3,0,15,254,15
124710,2025-01-31 01:52:09.625670,42.234,8,63.709647,42.234,1,0xcaf00370,0,0,2,8191,8191,1,0,0,0,1,0,31,7,3,0,15,254,15
124851,2025-01-31 01:52:09.630288,4.617999999999999,8,63.714265,4.618,7,0xcaf00370,0,0,2,8191,8191,1,0,0,0,1,0,31,7,3,0,15,254,15
126407,2025-01-31 01:52:09.677469,47.181,8,63.761446,47.181,1,0xcaf00370,0,0,2,8191,8191,2,0,0,0,1,0,31,7,3,0,15,254,15
126553,2025-01-31 01:52:09.682154,4.685,8,63.766131,4.685,7,0xcaf00370,0,0,2,8191,8191,2,0,0,0,1,0,31,7,3,0,15,254,15
127973,2025-01-31 01:52:09.725699,43.545,8,63.809676,43.545,1,0xcaf00370,0,0,2,8191,8191,3,0,0,0,1,0,31,7,3,0,15,254,15
128113,2025-01-31 01:52:09.730286,4.587,8,63.814263,4.587,7,0xcaf00370,0,0,2,8191,8191,3,0,0,0,1,0,31,7,3,0,15,254,15
129977,2025-01-31 01:52:09.785922,55.635999999999996,8,63.869899,55.636,1,0xcaf00370,0,0,2,8191,8191,0,0,0,0,1,0,31,7,3,0,15,254,15
130126,2025-01-31 01:52:09.790663,4.7410000000000005,8,63.87464,4.741,7,0xcaf00370,0,0,2,8191,8191,0,0,0,0,1,0,31,7,3,0,15,254,15
131623,2025-01-31 01:52:09.837304,46.641000000000005,8,63.921281,46.641,1,0xcaf00370,0,0,2,8191,8191,1,0,0,0,1,0,31,7,3,0,15,254,15
131759,2025-01-31 01:52:09.841860,4.556,8,63.925837,4.556,7,0xcaf00370,0,0,2,8191,8191,1,0,0,0,1,0,31,7,3,0,15,254,15
133590,2025-01-31 01:52:09.896600,54.739999999999995,8,63.980577,54.74,1,0xcaf00370,0,0,2,8191,8191,2,0,0,0,1,0,31,7,3,0,15,254,15
133730,2025-01-31 01:52:09.901140,4.54,8,63.985117,4.54,7,0xcaf00370,0,0,2,8191,8191,2,0,0,0,1,0,31,7,3,0,15,254,15
135187,2025-01-31 01:52:09.946387,45.247,8,64.030364,45.247,1,0xcaf00370,0,0,2,8191,8191,3,0,0,0,1,0,31,7,3,0,15,254,15
135303,2025-01-31 01:52:09.950855,4.468,8,64.034833,4.469,7,0xcaf00370,0,0,2,8191,8191,3,0,0,0,1,0,31,7,3,0,15,254,15
136829,2025-01-31 01:52:09.997061,46.205999999999996,8,64.081038,46.205,1,0xcaf00370,0,0,2,8191,8191,0,0,0,0,1,0,31,7,3,0,15,254,15
136973,2025-01-31 01:52:10.001573,4.5120000000000005,8,64.08555,4.512,7,0xcaf00370,0,0,2,8191,8191,0,0,0,0,1,0,31,7,3,0,15,254,15
138432,2025-01-31 01:52:10.046724,45.150999999999996,8,64.130701,45.151,1,0xcaf00370,0,0,2,8191,8191,1,0,0,0,1,0,31,7,3,0,15,254,15
138564,2025-01-31 01:52:10.051221,4.497,8,64.135198,4.497,7,0xcaf00370,0,0,2,8191,8191,1,0,0,0,1,0,31,7,3,0,15,254,15
140687,2025-01-31 01:52:10.115509,64.288,8,64.199486,64.288,1,0xcaf00370,0,0,2,8191,8191,2,0,0,0,1,0,31,7,3,0,15,254,15
140832,2025-01-31 01:52:10.120218,4.709,8,64.204195,4.709,7,0xcaf00370,0,0,2,8191,8191,2,0,0,0,1,0,31,7,3,0,15,254,15
142376,2025-01-31 01:52:10.166051,45.833,8,64.250028,45.833,1,0xcaf00370,0,0,2,8191,8191,3,0,0,0,1,0,31,7,3,0,15,254,15
142495,2025-01-31 01:52:10.170323,4.271999999999999,8,64.2543,4.272,7,0xcaf00370,0,0,2,8191,8191,3,0,0,0,1,0,31,7,3,0,15,254,15
144274,2025-01-31 01:52:10.225694,55.370999999999995,8,64.309671,55.371,1,0xcaf00370,0,0,2,8191,8191,0,0,0,0,1,0,31,7,3,0,15,254,15
144401,2025-01-31 01:52:10.230265,4.571000000000001,8,64.314242,4.571,7,0xcaf00370,0,0,2,8191,8191,0,0,0,0,1,0,31,7,3,0,15,254,15
145929,2025-01-31 01:52:10.276428,46.163000000000004,8,64.360405,46.163,1,0xcaf00370,0,0,2,8191,8191,1,0,0,0,1,0,31,7,3,0,15,254,15
146087,2025-01-31 01:52:10.281268,4.84,8,64.365245,4.84,7,0xcaf00370,0,0,2,8191,8191,1,0,0,0,1,0,31,7,3,0,15,254,15
147935,2025-01-31 01:52:10.336706,55.438,8,64.420683,55.438,1,0xcaf00370,0,0,2,8191,8191,2,0,0,0,1,0,31,7,3,0,15,254,15
148086,2025-01-31 01:52:10.341866,5.159999999999999,8,64.425842,5.159,7,0xcaf00370,0,0,2,8191,8191,2,0,0,0,1,0,31,7,3,0,15,254,15
149592,2025-01-31 01:52:10.385983,44.117000000000004,8,64.46996,44.118,1,0xcaf00370,0,0,2,8191,8191,3,0,0,0,1,0,31,7,3,0,15,254,15
149762,2025-01-31 01:52:10.391762,5.779,8,64.475739,5.779,7,0xcaf00370,0,0,2,8191,8191,3,0,0,0,1,0,31,7,3,0,15,254,15
151201,2025-01-31 01:52:10.437029,45.267,8,64.521006,45.267,1,0xcaf00370,0,0,2,8191,8191,0,0,0,0,1,0,31,7,3,0,15,254,15
151388,2025-01-31 01:52:10.442721,5.692,8,64.526698,5.692,7,0xcaf00370,0,0,2,8191,8191,0,0,0,0,1,0,31,7,3,0,15,254,15
152841,2025-01-31 01:52:10.486739,44.018,8,64.570716,44.018,1,0xcaf00370,0,0,2,8191,8191,1,0,0,0,1,0,31,7,3,0,15,254,15
153006,2025-01-31 01:52:10.492693,5.954,8,64.57667,5.954,7,0xcaf00370,0,0,2,8191,8191,1,0,0,0,1,0,31,7,3,0,15,254,15
155085,2025-01-31 01:52:10.556481,63.788,8,64.640458,63.788,1,0xcaf00370,0,0,2,8191,8191,2,0,0,0,1,0,31,7,3,0,15,254,15
155276,2025-01-31 01:52:10.562785,6.303999999999999,8,64.646762,6.304,7,0xcaf00370,0,0,2,8191,8191,2,0,0,0,1,0,31,7,3,0,15,254,15
156733,2025-01-31 01:52:10.606103,43.318000000000005,8,64.69008,43.318,1,0xcaf00370,0,0,2,8191,8191,3,0,0,0,1,0,31,7,3,0,15,254,15
156911,2025-01-31 01:52:10.612691,6.588,8,64.696668,6.588,7,0xcaf00370,0,0,2,8191,8191,3,0,0,0,1,0,31,7,3,0,15,254,15
158360,2025-01-31 01:52:10.656894,44.202999999999996,8,64.740871,44.203,1,0xcaf00370,0,0,2,8191,8191,0,0,0,0,1,0,31,7,3,0,15,254,15
158593,2025-01-31 01:52:10.663754,6.859999999999999,8,64.747731,6.86,7,0xcaf00370,0,0,2,8191,8191,0,0,0,0,1,0,31,7,3,0,15,254,15
159973,2025-01-31 01:52:10.706085,42.331,8,64.790062,42.331,1,0xcaf00370,0,0,2,8191,8191,1,0,0,0,1,0,31,7,3,0,15,254,15
160167,2025-01-31 01:52:10.713203,7.118,8,64.79718,7.118,7,0xcaf00370,0,0,2,8191,8191,1,0,0,0,1,0,31,7,3,0,15,254,15
162244,2025-01-31 01:52:10.776679,63.476000000000006,8,64.860656,63.476,1,0xcaf00370,0,0,2,8191,8191,2,0,0,0,1,0,31,7,3,0,15,254,15
162504,2025-01-31 01:52:10.784171,7.492,8,64.868148,7.492,7,0xcaf00370,0,0,2,8191,8191,2,0,0,0,1,0,31,7,3,0,15,254,15
163817,2025-01-31 01:52:10.825856,41.685,8,64.909833,41.685,1,0xcaf00370,0,0,2,8191,8191,3,0,0,0,1,0,31,7,3,0,15,254,15
164068,2025-01-31 01:52:10.833611,7.755,8,64.917588,7.755,7,0xcaf00370,0,0,2,8191,8191,3,0,0,0,1,0,31,7,3,0,15,254,15
165880,2025-01-31 01:52:10.886047,52.436,8,64.970024,52.436,1,0xcaf00370,0,0,2,8191,8191,0,0,0,0,1,0,31,7,3,0,15,254,15
166128,2025-01-31 01:52:10.894121,8.074,8,64.978098,8.074,7,0xcaf00370,0,0,2,8191,8191,0,0,0,0,1,0,31,7,3,0,15,254,15
167468,2025-01-31 01:52:10.936379,42.257999999999996,8,65.020356,42.258,1,0xcaf00370,0,0,2,8191,8191,1,0,0,0,1,0,31,7,3,0,15,254,15
167736,2025-01-31 01:52:10.944720,8.341,8,65.028697,8.341,7,0xcaf00370,0,0,2,8191,8191,1,0,0,0,1,0,31,7,3,0,15,254,15
169451,2025-01-31 01:52:10.996600,51.88,8,65.080577,51.88,1,0xcaf00370,0,0,2,8191,8191,2,0,0,0,1,0,31,7,3,0,15,254,15
169730,2025-01-31 01:52:11.005261,8.661,8,65.089238,8.661,7,0xcaf00370,0,0,2,8191,8191,2,0,0,0,1,0,31,7,3,0,15,254,15
171117,2025-01-31 01:52:11.049998,44.737,8,65.133975,44.737,1,0xcaf00370,0,0,2,8191,8191,3,0,0,0,1,0,31,7,3,0,15,254,15
171429,2025-01-31 01:52:11.058950,8.952,8,65.142927,8.952,7,0xcaf00370,0,0,2,8191,8191,3,0,0,0,1,0,31,7,3,0,15,254,15
173334,2025-01-31 01:52:11.116452,57.501999999999995,8,65.200429,57.502,1,0xcaf00370,0,0,2,8191,8191,0,0,0,0,1,0,31,7,3,0,15,254,15
173603,2025-01-31 01:52:11.125754,9.302,8,65.209731,9.302,7,0xcaf00370,0,0,2,8191,8191,0,0,0,0,1,0,31,7,3,0,15,254,15
174924,2025-01-31 01:52:11.166061,40.307,8,65.250038,40.307,1,0xcaf00370,0,0,2,8191,8191,1,0,0,0,1,0,31,7,3,0,15,254,15
175244,2025-01-31 01:52:11.175413,9.351999999999999,8,65.25939,9.352,7,0xcaf00370,0,0,2,8191,8191,1,0,0,0,1,0,31,7,3,0,15,254,15
177233,2025-01-31 01:52:11.238954,63.541,8,65.322931,63.541,1,0xcaf00370,0,0,2,8191,8191,2,0,0,0,1,0,31,7,3,0,15,254,15
177560,2025-01-31 01:52:11.248790,9.835999999999999,8,65.332767,9.836,7,0xcaf00370,0,0,2,8191,8191,2,0,0,0,1,0,31,7,3,0,15,254,15
178843,2025-01-31 01:52:11.285868,37.078,8,65.369845,37.078,1,0xcaf00370,0,0,2,8191,8191,3,0,0,0,1,0,31,7,3,0,15,254,15
179198,2025-01-31 01:52:11.295795,9.927,8,65.379772,9.927,7,0xcaf00370,0,0,2,8191,8191,3,0,0,0,1,0,31,7,3,0,15,254,15
180514,2025-01-31 01:52:11.338089,42.294,8,65.422067,42.295,1,0xcaf00370,0,0,2,8191,8191,0,0,0,0,1,0,31,7,3,0,15,254,15
180829,2025-01-31 01:52:11.347896,9.807,8,65.431873,9.806,7,0xcaf00370,0,0,2,8191,8191,0,0,0,0,1,0,31,7,3,0,15,254,15
182175,2025-01-31 01:52:11.386259,38.363,8,65.470236,38.363,1,0xcaf00370,0,0,2,8191,8191,1,0,0,0,1,0,31,7,3,0,15,254,15
182517,2025-01-31 01:52:11.396407,10.148000000000001,8,65.480384,10.148,7,0xcaf00370,0,0,2,8191,8191,1,0,0,0,1,0,31,7,3,0,15,254,15
184092,2025-01-31 01:52:11.446445,50.038,8,65.530422,50.038,1,0xcaf00370,0,0,2,8191,8191,2,0,0,0,1,0,31,7,3,0,15,254,15
184445,2025-01-31 01:52:11.456628,10.183,8,65.540605,10.183,7,0xcaf00370,0,0,2,8191,8191,2,0,0,0,1,0,31,7,3,0,15,254,15
185723,2025-01-31 01:52:11.495478,38.85,8,65.579455,38.85,1,0xcaf00370,0,0,2,8191,8191,3,0,0,0,1,0,31,7,3,0,15,254,15
186059,2025-01-31 01:52:11.506251,10.773,8,65.590228,10.773,7,0xcaf00370,0,0,2,8191,8191,3,0,0,0,1,0,31,7,3,0,15,254,15
187673,2025-01-31 01:52:11.556499,50.248,8,65.640476,50.248,1,0xcaf00370,0,0,2,8191,8191,0,0,0,0,1,0,31,7,3,0,15,254,15
188003,2025-01-31 01:52:11.566777,10.278,8,65.650754,10.278,7,0xcaf00370,0,0,2,8191,8191,0,0,0,0,1,0,31,7,3,0,15,254,15
189324,2025-01-31 01:52:11.605889,39.112,8,65.689866,39.112,1,0xcaf00370,0,0,2,8191,8191,1,0,0,0,1,0,31,7,3,0,15,254,15
189671,2025-01-31 01:52:11.616340,10.451,8,65.700317,10.451,7,0xcaf00370,0,0,2,8191,8191,1,0,0,0,1,0,31,7,3,0,15,254,15
191272,2025-01-31 01:52:11.665656,49.315999999999995,8,65.749633,49.316,1,0xcaf00370,0,0,2,8191,8191,2,0,0,0,1,0,31,7,3,0,15,254,15
191608,2025-01-31 01:52:11.676208,10.552000000000001,8,65.760185,10.552,7,0xcaf00370,0,0,2,8191,8191,2,0,0,0,1,0,31,7,3,0,15,254,15
192904,2025-01-31 01:52:11.716437,40.229,8,65.800414,40.229,1,0xcaf00370,0,0,2,8191,8191,3,0,0,0,1,0,31,7,3,0,15,254,15
193200,2025-01-31 01:52:11.727011,10.574,8,65.810988,10.574,7,0xcaf00370,0,0,2,8191,8191,3,0,0,0,1,0,31,7,3,0,15,254,15
194530,2025-01-31 01:52:11.766054,39.043,8,65.850031,39.043,1,0xcaf00370,0,0,2,8191,8191,0,0,0,0,1,0,31,7,3,0,15,254,15
194867,2025-01-31 01:52:11.776777,10.723,8,65.860754,10.723,7,0xcaf00370,0,0,2,8191,8191,0,0,0,0,1,0,31,7,3,0,15,254,15
196159,2025-01-31 01:52:11.816615,39.838,8,65.900592,39.838,1,0xcaf00370,0,0,2,8191,8191,1,0,0,0,1,0,31,7,3,0,15,254,15
196455,2025-01-31 01:52:11.827421,10.806,8,65.911398,10.806,7,0xcaf00370,0,0,2,8191,8191,1,0,0,0,1,0,31,7,3,0,15,254,15
198138,2025-01-31 01:52:11.876903,49.482,8,65.96088,49.482,1,0xcaf00370,0,0,2,8191,8191,2,0,0,0,1,0,31,7,3,0,15,254,15
198495,2025-01-31 01:52:11.887808,10.905,8,65.971785,10.905,7,0xcaf00370,0,0,2,8191,8191,2,0,0,0,1,0,31,7,3,0,15,254,15
199732,2025-01-31 01:52:11.925769,37.961,8,66.009746,37.961,1,0xcaf00370,0,0,2,8191,8191,3,0,0,0,1,0,31,7,3,0,15,254,15
200072,2025-01-31 01:52:11.936758,10.989,8,66.020735,10.989,7,0xcaf00370,0,0,2,8191,8191,3,0,0,0,1,0,31,7,3,0,15,254,15
201707,2025-01-31 01:52:11.986031,49.272999999999996,8,66.070008,49.273,1,0xcaf00370,0,0,2,8191,8191,0,0,0,0,1,0,31,7,3,0,15,254,15
202051,2025-01-31 01:52:11.997120,11.089,8,66.081097,11.089,7,0xcaf00370,0,0,2,8191,8191,0,0,0,0,1,0,31,7,3,0,15,254,15
203310,2025-01-31 01:52:12.036727,39.607000000000006,8,66.120704,39.607,1,0xcaf00370,0,0,2,8191,8191,1,0,0,0,1,0,31,7,3,0,15,254,15
203645,2025-01-31 01:52:12.047901,11.174,8,66.131878,11.174,7,0xcaf00370,0,0,2,8191,8191,1,0,0,0,1,0,31,7,3,0,15,254,15
205574,2025-01-31 01:52:12.105846,57.945,8,66.189823,57.945,1,0xcaf00370,0,0,2,8191,8191,2,0,0,0,1,0,31,7,3,0,15,254,15
205919,2025-01-31 01:52:12.117133,11.287,8,66.20111,11.287,7,0xcaf00370,0,0,2,8191,8191,2,0,0,0,1,0,31,7,3,0,15,254,15
207295,2025-01-31 01:52:12.160697,43.564,8,66.244674,43.564,1,0xcaf00370,0,0,2,8191,8191,3,0,0,0,1,0,31,7,3,0,15,254,15
207637,2025-01-31 01:52:12.172072,11.375,8,66.256049,11.375,7,0xcaf00370,0,0,2,8191,8191,3,0,0,0,1,0,31,7,3,0,15,254,15
208814,2025-01-31 01:52:12.206430,34.358,8,66.290407,34.358,1,0xcaf00370,0,0,2,8191,8191,0,0,0,0,1,0,31,7,3,0,15,254,15
209156,2025-01-31 01:52:12.217882,11.452,8,66.301859,11.452,7,0xcaf00370,0,0,2,8191,8191,0,0,0,0,1,0,31,7,3,0,15,254,15
210443,2025-01-31 01:52:12.256604,38.722,8,66.340581,38.722,1,0xcaf00370,0,0,2,8191,8191,1,0,0,0,1,0,31,7,3,0,15,254,15
210794,2025-01-31 01:52:12.268140,11.536,8,66.352117,11.536,7,0xcaf00370,0,0,2,8191,8191,1,0,0,0,1,0,31,7,3,0,15,254,15
212401,2025-01-31 01:52:12.315703,47.563,8,66.39968,47.563,1,0xcaf00370,0,0,2,8191,8191,2,0,0,0,1,0,31,7,3,0,15,254,15
212727,2025-01-31 01:52:12.327668,11.965,8,66.411645,11.965,7,0xcaf00370,0,0,2,8191,8191,2,0,0,0,1,0,31,7,3,0,15,254,15
214084,2025-01-31 01:52:12.366108,38.440000000000005,8,66.450085,38.44,1,0xcaf00370,0,0,2,8191,8191,3,0,0,0,1,0,31,7,3,0,15,254,15
214462,2025-01-31 01:52:12.378294,12.186,8,66.462271,12.186,7,0xcaf00370,0,0,2,8191,8191,3,0,0,0,1,0,31,7,3,0,15,254,15
216112,2025-01-31 01:52:12.426049,47.754999999999995,8,66.510026,47.755,1,0xcaf00370,0,0,2,8191,8191,0,0,0,0,1,0,31,7,3,0,15,254,15
216484,2025-01-31 01:52:12.438531,12.482,8,66.522508,12.482,7,0xcaf00370,0,0,2,8191,8191,0,0,0,0,1,0,31,7,3,0,15,254,15
217785,2025-01-31 01:52:12.476674,38.143,8,66.560651,38.143,1,0xcaf00370,0,0,2,8191,8191,1,0,0,0,1,0,31,7,3,0,15,254,15
218176,2025-01-31 01:52:12.489392,12.718,8,66.573369,12.718,7,0xcaf00370,0,0,2,8191,8191,1,0,0,0,1,0,31,7,3,0,15,254,15
219719,2025-01-31 01:52:12.537361,47.969,8,66.621338,47.969,1,0xcaf00370,0,0,2,8191,8191,2,0,0,0,1,0,31,7,3,0,15,254,15
220090,2025-01-31 01:52:12.550363,13.001999999999999,8,66.63434,13.002,7,0xcaf00370,0,0,2,8191,8191,2,0,0,0,1,0,31,7,3,0,15,254,15
221353,2025-01-31 01:52:12.586144,35.781,8,66.670121,35.781,1,0xcaf00370,0,0,2,8191,8191,3,0,0,0,1,0,31,7,3,0,15,254,15
221755,2025-01-31 01:52:12.599376,13.232000000000001,8,66.683353,13.232,7,0xcaf00370,0,0,2,8191,8191,3,0,0,0,1,0,31,7,3,0,15,254,15
222979,2025-01-31 01:52:12.637405,38.029,8,66.721382,38.029,1,0xcaf00370,0,0,2,8191,8191,0,0,0,0,1,0,31,7,3,0,15,254,15
223361,2025-01-31 01:52:12.650998,13.593,8,66.734975,13.593,7,0xcaf00370,0,0,2,8191,8191,0,0,0,0,1,0,31,7,3,0,15,254,15
224608,2025-01-31 01:52:12.686193,35.195,8,66.770169,35.194,1,0xcaf00370,0,0,2,8191,8191,1,0,0,0,1,0,31,7,3,0,15,254,15
225038,2025-01-31 01:52:12.699891,13.698,8,66.783868,13.699,7,0xcaf00370,0,0,2,8191,8191,1,0,0,0,1,0,31,7,3,0,15,254,15
226820,2025-01-31 01:52:12.755505,55.614,8,66.839482,55.614,1,0xcaf00370,0,0,2,8191,8191,2,0,0,0,1,0,31,7,3,0,15,254,15
227265,2025-01-31 01:52:12.769530,14.024999999999999,8,66.853507,14.025,7,0xcaf00370,0,0,2,8191,8191,2,0,0,0,1,0,31,7,3,0,15,254,15
228492,2025-01-31 01:52:12.805537,36.007,8,66.889514,36.007,1,0xcaf00370,0,0,2,8191,8191,3,0,0,0,1,0,31,7,3,0,15,254,15
228920,2025-01-31 01:52:12.819936,14.399000000000001,8,66.903913,14.399,7,0xcaf00370,0,0,2,8191,8191,3,0,0,0,1,0,31,7,3,0,15,254,15
230097,2025-01-31 01:52:12.855736,35.8,8,66.939713,35.8,1,0xcaf00370,0,0,2,8191,8191,0,0,0,0,1,0,31,7,3,0,15,254,15
230565,2025-01-31 01:52:12.870398,14.661999999999999,8,66.954375,14.662,7,0xcaf00370,0,0,2,8191,8191,0,0,0,0,1,0,31,7,3,0,15,254,15
231756,2025-01-31 01:52:12.905521,35.123000000000005,8,66.989498,35.123,1,0xcaf00370,0,0,2,8191,8191,1,0,0,0,1,0,31,7,3,0,15,254,15
232197,2025-01-31 01:52:12.920413,14.892000000000001,8,67.00439,14.892,7,0xcaf00370,0,0,2,8191,8191,1,0,0,0,1,0,31,7,3,0,15,254,15
233706,2025-01-31 01:52:12.966769,46.356,8,67.050746,46.356,1,0xcaf00370,0,0,2,8191,8191,2,0,0,0,1,0,31,7,3,0,15,254,15
234147,2025-01-31 01:52:12.981884,15.115,8,67.065861,15.115,7,0xcaf00370,0,0,2,8191,8191,2,0,0,0,1,0,31,7,3,0,15,254,15
235292,2025-01-31 01:52:13.015820,33.936,8,67.099797,33.936,1,0xcaf00370,0,0,2,8191,8191,3,0,0,0,1,0,31,7,3,0,15,254,15
235707,2025-01-31 01:52:13.030721,14.901,8,67.114698,14.901,7,0xcaf00370,0,0,2,8191,8191,3,0,0,0,1,0,31,7,3,0,15,254,15
236979,2025-01-31 01:52:13.068303,37.582,8,67.15228,37.582,1,0xcaf00370,0,0,2,8191,8191,0,0,0,0,1,0,31,7,3,0,15,254,15
237502,2025-01-31 01:52:13.083940,15.637000000000002,8,67.167917,15.637,7,0xcaf00370,0,0,2,8191,8191,0,0,0,0,1,0,31,7,3,0,15,254,15
238578,2025-01-31 01:52:13.116569,32.629,8,67.200546,32.629,1,0xcaf00370,0,0,2,8191,8191,1,0,0,0,1,0,31,7,3,0,15,254,15
238967,2025-01-31 01:52:13.132287,15.718,8,67.216264,15.718,7,0xcaf00370,0,0,2,8191,8191,1,0,0,0,1,0,31,7,3,0,15,254,15
240593,2025-01-31 01:52:13.177057,44.769999999999996,8,67.261034,44.77,1,0xcaf00370,0,0,2,8191,8191,2,0,0,0,1,0,31,7,3,0,15,254,15
241072,2025-01-31 01:52:13.193056,15.998999999999999,8,67.277033,15.999,7,0xcaf00370,0,0,2,8191,8191,2,0,0,0,1,0,31,7,3,0,15,254,15
242155,2025-01-31 01:52:13.225542,32.486000000000004,8,67.309519,32.486,1,0xcaf00370,0,0,2,8191,8191,3,0,0,0,1,0,31,7,3,0,15,254,15
242612,2025-01-31 01:52:13.241628,16.086,8,67.325605,16.086,7,0xcaf00370,0,0,2,8191,8191,3,0,0,0,1,0,31,7,3,0,15,254,15
244142,2025-01-31 01:52:13.285895,44.267,8,67.369872,44.267,1,0xcaf00370,0,0,2,8191,8191,0,0,0,0,1,0,31,7,3,0,15,254,15
244597,2025-01-31 01:52:13.302202,16.307,8,67.386179,16.307,7,0xcaf00370,0,0,2,8191,8191,0,0,0,0,1,0,31,7,3,0,15,254,15
245726,2025-01-31 01:52:13.336004,33.802,8,67.419981,33.802,1,0xcaf00370,0,0,2,8191,8191,1,0,0,0,1,0,31,7,3,0,15,254,15
246194,2025-01-31 01:52:13.352120,16.116,8,67.436097,16.116,7,0xcaf00370,0,0,2,8191,8191,1,0,0,0,1,0,31,7,3,0,15,254,15
247816,2025-01-31 01:52:13.396306,44.186,8,67.480283,44.186,1,0xcaf00370,0,0,2,8191,8191,2,0,0,0,1,0,31,7,3,0,15,254,15
248224,2025-01-31 01:52:13.411986,15.68,8,67.495963,15.68,7,0xcaf00370,0,0,2,8191,8191,2,0,0,0,1,0,31,7,3,0,15,254,15
249377,2025-01-31 01:52:13.446226,34.24,8,67.530203,34.24,1,0xcaf00370,0,0,2,8191,8191,3,0,0,0,1,0,31,7,3,0,15,254,15
249824,2025-01-31 01:52:13.461848,15.622,8,67.545825,15.622,7,0xcaf00370,0,0,2,8191,8191,3,0,0,0,1,0,31,7,3,0,15,254,15
251321,2025-01-31 01:52:13.505738,43.89,8,67.589715,43.89,1,0xcaf00370,0,0,2,8191,8191,0,0,0,0,1,0,31,7,3,0,15,254,15
251751,2025-01-31 01:52:13.521161,15.423,8,67.605138,15.423,7,0xcaf00370,0,0,2,8191,8191,0,0,0,0,1,0,31,7,3,0,15,254,15
252925,2025-01-31 01:52:13.556432,35.270999999999994,8,67.640409,35.271,1,0xcaf00370,0,0,2,8191,8191,1,0,0,0,1,0,31,7,3,0,15,254,15
253376,2025-01-31 01:52:13.571669,15.237,8,67.655646,15.237,7,0xcaf00370,0,0,2,8191,8191,1,0,0,0,1,0,31,7,3,0,15,254,15
255214,2025-01-31 01:52:13.625610,53.941,8,67.709587,53.941,1,0xcaf00370,0,0,2,8191,8191,2,0,0,0,1,0,31,7,3,0,15,254,15
255659,2025-01-31 01:52:13.640748,15.138,8,67.724725,15.138,7,0xcaf00370,0,0,2,8191,8191,2,0,0,0,1,0,31,7,3,0,15,254,15
256891,2025-01-31 01:52:13.676951,36.202999999999996,8,67.760928,36.203,1,0xcaf00370,0,0,2,8191,8191,3,0,0,0,1,0,31,7,3,0,15,254,15
257365,2025-01-31 01:52:13.691968,15.017000000000001,8,67.775945,15.017,7,0xcaf00370,0,0,2,8191,8191,3,0,0,0,1,0,31,7,3,0,15,254,15
258468,2025-01-31 01:52:13.726101,34.132999999999996,8,67.810078,34.133,1,0xcaf00370,0,0,2,8191,8191,0,0,0,0,1,0,31,7,3,0,15,254,15
258926,2025-01-31 01:52:13.740776,14.675,8,67.824753,14.675,7,0xcaf00370,0,0,2,8191,8191,0,0,0,0,1,0,31,7,3,0,15,254,15
260137,2025-01-31 01:52:13.776786,36.01,8,67.860763,36.01,1,0xcaf00370,0,0,2,8191,8191,1,0,0,0,1,0,31,7,3,0,15,254,15
260607,2025-01-31 01:52:13.791568,14.782,8,67.875545,14.782,7,0xcaf00370,0,0,2,8191,8191,1,0,0,0,1,0,31,7,3,0,15,254,15
262428,2025-01-31 01:52:13.846799,55.231,8,67.930776,55.231,1,0xcaf00370,0,0,2,8191,8191,2,0,0,0,1,0,31,7,3,0,15,254,15
262851,2025-01-31 01:52:13.860985,14.186,8,67.944962,14.186,7,0xcaf00370,0,0,2,8191,8191,2,0,0,0,1,0,31,7,3,0,15,254,15
264125,2025-01-31 01:52:13.896264,35.278999999999996,8,67.980241,35.279,1,0xcaf00370,0,0,2,8191,8191,3,0,0,0,1,0,31,7,3,0,15,254,15
264521,2025-01-31 01:52:13.910763,14.499,8,67.99474,14.499,7,0xcaf00370,0,0,2,8191,8191,3,0,0,0,1,0,31,7,3,0,15,254,15
265708,2025-01-31 01:52:13.946740,35.977000000000004,8,68.030717,35.977,1,0xcaf00370,0,0,2,8191,8191,0,0,0,0,1,0,31,7,3,0,15,254,15
266145,2025-01-31 01:52:13.961078,14.338,8,68.045055,14.338,7,0xcaf00370,0,0,2,8191,8191,0,0,0,0,1,0,31,7,3,0,15,254,15
267363,2025-01-31 01:52:13.996390,35.312000000000005,8,68.080367,35.312,1,0xcaf00370,0,0,2,8191,8191,1,0,0,0,1,0,31,7,3,0,15,254,15
267760,2025-01-31 01:52:14.010627,14.237,8,68.094604,14.237,7,0xcaf00370,0,0,2,8191,8191,1,0,0,0,1,0,31,7,3,0,15,254,15
269281,2025-01-31 01:52:14.056650,46.023,8,68.140627,46.023,1,0xcaf00370,0,0,2,8191,8191,2,0,0,0,1,0,31,7,3,0,15,254,15
269682,2025-01-31 01:52:14.070620,13.97,8,68.154597,13.97,7,0xcaf00370,0,0,2,8191,8191,2,0,0,0,1,0,31,7,3,0,15,254,15
270881,2025-01-31 01:52:14.105743,35.123000000000005,8,68.18972,35.123,1,0xcaf00370,0,0,2,8191,8191,3,0,0,0,1,0,31,7,3,0,15,254,15
271300,2025-01-31 01:52:14.119687,13.943999999999999,8,68.203664,13.944,7,0xcaf00370,0,0,2,8191,8191,3,0,0,0,1,0,31,7,3,0,15,254,15
272501,2025-01-31 01:52:14.156639,36.952,8,68.240616,36.952,1,0xcaf00370,0,0,2,8191,8191,0,0,0,0,1,0,31,7,3,0,15,254,15
272921,2025-01-31 01:52:14.170473,13.834000000000001,8,68.25445,13.834,7,0xcaf00370,0,0,2,8191,8191,0,0,0,0,1,0,31,7,3,0,15,254,15
274147,2025-01-31 01:52:14.205607,35.134,8,68.289584,35.134,1,0xcaf00370,0,0,2,8191,8191,1,0,0,0,1,0,31,7,3,0,15,254,15
274535,2025-01-31 01:52:14.219442,13.835,8,68.303419,13.835,7,0xcaf00370,0,0,2,8191,8191,1,0,0,0,1,0,31,7,3,0,15,254,15
276411,2025-01-31 01:52:14.276654,57.211999999999996,8,68.360632,57.213,1,0xcaf00370,0,0,2,8191,8191,2,0,0,0,1,0,31,7,3,0,15,254,15
276895,2025-01-31 01:52:14.290005,13.351,8,68.373982,13.35,7,0xcaf00370,0,0,2,8191,8191,2,0,0,0,1,0,31,7,3,0,15,254,15
278000,2025-01-31 01:52:14.325562,35.556999999999995,8,68.409539,35.557,1,0xcaf00370,0,0,2,8191,8191,3,0,0,0,1,0,31,7,3,0,15,254,15
278456,2025-01-31 01:52:14.338737,13.174999999999999,8,68.422713,13.174,7,0xcaf00370,0,0,2,8191,8191,3,0,0,0,1,0,31,7,3,0,15,254,15
279734,2025-01-31 01:52:14.377039,38.302,8,68.461016,38.303,1,0xcaf00370,0,0,2,8191,8191,0,0,0,0,1,0,31,7,3,0,15,254,15
280194,2025-01-31 01:52:14.389751,12.712,8,68.473728,12.712,7,0xcaf00370,0,0,2,8191,8191,0,0,0,0,1,0,31,7,3,0,15,254,15
281330,2025-01-31 01:52:14.425553,35.802,8,68.50953,35.802,1,0xcaf00370,0,0,2,8191,8191,1,0,0,0,1,0,31,7,3,0,15,254,15
281742,2025-01-31 01:52:14.438240,12.687000000000001,8,68.522217,12.687,7,0xcaf00370,0,0,2,8191,8191,1,0,0,0,1,0,31,7,3,0,15,254,15
283317,2025-01-31 01:52:14.485813,47.573,8,68.56979,47.573,1,0xcaf00370,0,0,2,8191,8191,2,0,0,0,1,0,31,7,3,0,15,254,15
283710,2025-01-31 01:52:14.498206,12.392999999999999,8,68.582183,12.393,7,0xcaf00370,0,0,2,8191,8191,2,0,0,0,1,0,31,7,3,0,15,254,15
284895,2025-01-31 01:52:14.536569,38.363,8,68.620546,38.363,1,0xcaf00370,0,0,2,8191,8191,3,0,0,0,1,0,31,7,3,0,15,254,15
285282,2025-01-31 01:52:14.548805,12.236,8,68.632782,12.236,7,0xcaf00370,0,0,2,8191,8191,3,0,0,0,1,0,31,7,3,0,15,254,15
286909,2025-01-31 01:52:14.596330,47.525,8,68.680307,47.525,1,0xcaf00370,0,0,2,8191,8191,0,0,0,0,1,0,31,7,3,0,15,254,15
287292,2025-01-31 01:52:14.608183,11.853000000000002,8,68.69216,11.853,7,0xcaf00370,0,0,2,8191,8191,0,0,0,0,1,0,31,7,3,0,15,254,15
288485,2025-01-31 01:52:14.646377,38.193999999999996,8,68.730354,38.194,1,0xcaf00370,0,0,2,8191,8191,1,0,0,0,1,0,31,7,3,0,15,254,15
288888,2025-01-31 01:52:14.657996,11.619000000000002,8,68.741973,11.619,7,0xcaf00370,0,0,2,8191,8191,1,0,0,0,1,0,31,7,3,0,15,254,15
290464,2025-01-31 01:52:14.705625,47.629,8,68.789602,47.629,1,0xcaf00370,0,0,2,8191,8191,2,0,0,0,1,0,31,7,3,0,15,254,15
290796,2025-01-31 01:52:14.716944,11.318999999999999,8,68.800921,11.319,7,0xcaf00370,0,0,2,8191,8191,2,0,0,0,1,0,31,7,3,0,15,254,15
292088,2025-01-31 01:52:14.756543,39.599000000000004,8,68.84052,39.599,1,0xcaf00370,0,0,2,8191,8191,3,0,0,0,1,0,31,7,3,0,15,254,15
292421,2025-01-31 01:52:14.767614,11.071,8,68.851591,11.071,7,0xcaf00370,0,0,2,8191,8191,3,0,0,0,1,0,31,7,3,0,15,254,15
294021,2025-01-31 01:52:14.816341,48.727,8,68.900318,48.727,1,0xcaf00370,0,0,2,8191,8191,0,0,0,0,1,0,31,7,3,0,15,254,15
294326,2025-01-31 01:52:14.827121,10.78,8,68.911098,10.78,7,0xcaf00370,0,0,2,8191,8191,0,0,0,0,1,0,31,7,3,0,15,254,15
295646,2025-01-31 01:52:14.865951,38.830000000000005,8,68.949928,38.83,1,0xcaf00370,0,0,2,8191,8191,1,0,0,0,1,0,31,7,3,0,15,254,15
295975,2025-01-31 01:52:14.876322,10.371,8,68.960299,10.371,7,0xcaf00370,0,0,2,8191,8191,1,0,0,0,1,0,31,7,3,0,15,254,15
297566,2025-01-31 01:52:14.925373,49.050999999999995,8,69.009349,49.05,1,0xcaf00370,0,0,2,8191,8191,2,0,0,0,1,0,31,7,3,0,15,254,15
297887,2025-01-31 01:52:14.935620,10.247,8,69.019597,10.248,7,0xcaf00370,0,0,2,8191,8191,2,0,0,0,1,0,31,7,3,0,15,254,15
299200,2025-01-31 01:52:14.976204,40.584,8,69.060181,40.584,1,0xcaf00370,0,0,2,8191,8191,3,0,0,0,1,0,31,7,3,0,15,254,15
299573,2025-01-31 01:52:14.986205,10.001,8,69.070181,10.0,7,0xcaf00370,0,0,2,8191,8191,3,0,0,0,1,0,31,7,3,0,15,254,15
301139,2025-01-31 01:52:15.036355,50.15,8,69.120332,50.151,1,0xcaf00370,0,0,2,8191,8191,0,0,0,0,1,0,31,7,3,0,15,254,15
301474,2025-01-31 01:52:15.046060,9.705,8,69.130037,9.705,7,0xcaf00370,0,0,2,8191,8191,0,0,0,0,1,0,31,7,3,0,15,254,15
302896,2025-01-31 01:52:15.089085,43.025,8,69.173062,43.025,1,0xcaf00370,0,0,2,8191,8191,1,0,0,0,1,0,31,7,3,0,15,254,15
303221,2025-01-31 01:52:15.098534,9.449000000000002,8,69.182511,9.449,7,0xcaf00370,0,0,2,8191,8191,1,0,0,0,1,0,31,7,3,0,15,254,15
304692,2025-01-31 01:52:15.145961,47.427,8,69.229938,47.427,1,0xcaf00370,0,0,2,8191,8191,2,0,0,0,1,0,31,7,3,0,15,254,15
305015,2025-01-31 01:52:15.155452,9.491,8,69.239428,9.49,7,0xcaf00370,0,0,2,8191,8191,2,0,0,0,1,0,31,7,3,0,15,254,15
306389,2025-01-31 01:52:15.196068,40.616,8,69.280045,40.617,1,0xcaf00370,0,0,2,8191,8191,3,0,0,0,1,0,31,7,3,0,15,254,15
306687,2025-01-31 01:52:15.204998,8.93,8,69.288975,8.93,7,0xcaf00370,0,0,2,8191,8191,3,0,0,0,1,0,31,7,3,0,15,254,15
307969,2025-01-31 01:52:15.246211,41.213,8,69.330188,41.213,1,0xcaf00370,0,0,2,8191,8191,0,0,0,0,1,0,31,7,3,0,15,254,15
308269,2025-01-31 01:52:15.254953,8.741999999999999,8,69.33893,8.742,7,0xcaf00370,0,0,2,8191,8191,0,0,0,0,1,0,31,7,3,0,15,254,15
309646,2025-01-31 01:52:15.295156,40.203,8,69.379133,40.203,1,0xcaf00370,0,0,2,8191,8191,1,0,0,0,1,0,31,7,3,0,15,254,15
309910,2025-01-31 01:52:15.303803,8.647,8,69.38778,8.647,7,0xcaf00370,0,0,2,8191,8191,1,0,0,0,1,0,31,7,3,0,15,254,15
311621,2025-01-31 01:52:15.356283,52.48,8,69.44026,52.48,1,0xcaf00370,0,0,2,8191,8191,2,0,0,0,1,0,31,7,3,0,15,254,15
311900,2025-01-31 01:52:15.364439,8.156,8,69.448416,8.156,7,0xcaf00370,0,0,2,8191,8191,2,0,0,0,1,0,31,7,3,0,15,254,15
313394,2025-01-31 01:52:15.405762,41.323,8,69.489739,41.323,1,0xcaf00370,0,0,2,8191,8191,3,0,0,0,1,0,31,7,3,0,15,254,15
313586,2025-01-31 01:52:15.413722,7.96,8,69.497698,7.959,7,0xcaf00370,0,0,2,8191,8191,3,0,0,0,1,0,31,7,3,0,15,254,15
315611,2025-01-31 01:52:15.476608,62.885999999999996,8,69.560585,62.887,1,0xcaf00370,0,0,2,8191,8191,0,0,0,0,1,0,31,7,3,0,15,254,15
315898,2025-01-31 01:52:15.484239,7.630999999999999,8,69.568216,7.631,7,0xcaf00370,0,0,2,8191,8191,0,0,0,0,1,0,31,7,3,0,15,254,15
317209,2025-01-31 01:52:15.525656,41.417,8,69.609633,41.417,1,0xcaf00370,0,0,2,8191,8191,1,0,0,0,1,0,31,7,3,0,15,254,15
317391,2025-01-31 01:52:15.533061,7.405,8,69.617038,7.405,7,0xcaf00370,0,0,2,8191,8191,1,0,0,0,1,0,31,7,3,0,15,254,15
319257,2025-01-31 01:52:15.585912,52.851,8,69.669888,52.85,1,0xcaf00370,0,0,2,8191,8191,2,0,0,0,1,0,31,7,3,0,15,254,15
319478,2025-01-31 01:52:15.593038,7.126,8,69.677015,7.127,7,0xcaf00370,0,0,2,8191,8191,2,0,0,0,1,0,31,7,3,0,15,254,15
320857,2025-01-31 01:52:15.636628,43.589999999999996,8,69.720605,43.59,1,0xcaf00370,0,0,2,8191,8191,3,0,0,0,1,0,31,7,3,0,15,254,15
321079,2025-01-31 01:52:15.643522,6.894,8,69.727499,6.894,7,0xcaf00370,0,0,2,8191,8191,3,0,0,0,1,0,31,7,3,0,15,254,15
323201,2025-01-31 01:52:15.706022,62.5,8,69.789999,62.5,1,0xcaf00370,0,0,2,8191,8191,0,0,0,0,1,0,31,7,3,0,15,254,15
323343,2025-01-31 01:52:15.712594,6.572,8,69.796571,6.572,7,0xcaf00370,0,0,2,8191,8191,0,0,0,0,1,0,31,7,3,0,15,254,15
324818,2025-01-31 01:52:15.756528,43.934,8,69.840505,43.934,1,0xcaf00370,0,0,2,8191,8191,1,0,0,0,1,0,31,7,3,0,15,254,15
324993,2025-01-31 01:52:15.762867,6.339,8,69.846844,6.339,7,0xcaf00370,0,0,2,8191,8191,1,0,0,0,1,0,31,7,3,0,15,254,15
326751,2025-01-31 01:52:15.816393,53.525999999999996,8,69.90037,53.526,1,0xcaf00370,0,0,2,8191,8191,2,0,0,0,1,0,31,7,3,0,15,254,15
326908,2025-01-31 01:52:15.822457,6.064,8,69.906434,6.064,7,0xcaf00370,0,0,2,8191,8191,2,0,0,0,1,0,31,7,3,0,15,254,15
328382,2025-01-31 01:52:15.866000,43.543,8,69.949977,43.543,1,0xcaf00370,0,0,2,8191,8191,3,0,0,0,1,0,31,7,3,0,15,254,15
328532,2025-01-31 01:52:15.871775,5.7749999999999995,8,69.955752,5.775,7,0xcaf00370,0,0,2,8191,8191,3,0,0,0,1,0,31,7,3,0,15,254,15
330316,2025-01-31 01:52:15.925536,53.761,8,70.009513,53.761,1,0xcaf00370,0,0,2,8191,8191,0,0,0,0,1,0,31,7,3,0,15,254,15
330437,2025-01-31 01:52:15.931098,5.562,8,70.015075,5.562,7,0xcaf00370,0,0,2,8191,8191,0,0,0,0,1,0,31,7,3,0,15,254,15
331955,2025-01-31 01:52:15.976699,45.601,8,70.060676,45.601,1,0xcaf00370,0,0,2,8191,8191,1,0,0,0,1,0,31,7,3,0,15,254,15
332116,2025-01-31 01:52:15.982024,5.325,8,70.066001,5.325,7,0xcaf00370,0,0,2,8191,8191,1,0,0,0,1,0,31,7,3,0,15,254,15
333890,2025-01-31 01:52:16.036835,54.811,8,70.120812,54.811,1,0xcaf00370,0,0,2,8191,8191,2,0,0,0,1,0,31,7,3,0,15,254,15
334045,2025-01-31 01:52:16.041883,5.048,8,70.12586,5.048,7,0xcaf00370,0,0,2,8191,8191,2,0,0,0,1,0,31,7,3,0,15,254,15
335550,2025-01-31 01:52:16.085867,43.984,8,70.169844,43.984,1,0xcaf00370,0,0,2,8191,8191,3,0,0,0,1,0,31,7,3,0,15,254,15
335676,2025-01-31 01:52:16.090689,4.822,8,70.174666,4.822,7,0xcaf00370,0,0,2,8191,8191,3,0,0,0,1,0,31,7,3,0,15,254,15
337629,2025-01-31 01:52:16.150335,59.646,8,70.234312,59.646,1,0xcaf00370,0,0,2,8191,8191,0,0,0,0,1,0,31,7,3,0,15,254,15
337793,2025-01-31 01:52:16.154686,4.351,8,70.238663,4.351,7,0xcaf00370,0,0,2,8191,8191,0,0,0,0,1,0,31,7,3,0,15,254,15
339227,2025-01-31 01:52:16.198980,44.294,8,70.282957,44.294,1,0xcaf00370,0,0,2,8191,8191,1,0,0,0,1,0,31,7,3,0,15,254,15
339391,2025-01-31 01:52:16.203285,4.305,8,70.287262,4.305,7,0xcaf00370,0,0,2,8191,8191,1,0,0,0,1,0,31,7,3,0,15,254,15
341118,2025-01-31 01:52:16.256426,53.141,8,70.340403,53.141,1,0xcaf00370,0,0,2,8191,8191,2,0,0,0,1,0,31,7,3,0,15,254,15
341254,2025-01-31 01:52:16.260463,4.037,8,70.34444,4.037,7,0xcaf00370,0,0,2,8191,8191,2,0,0,0,1,0,31,7,3,0,15,254,15
342777,2025-01-31 01:52:16.305768,45.305,8,70.389745,45.305,1,0xcaf00370,0,0,2,8191,8191,3,0,0,0,1,0,31,7,3,0,15,254,15
342857,2025-01-31 01:52:16.309572,3.8040000000000003,8,70.393548,3.803,7,0xcaf00370,0,0,2,8191,8191,3,0,0,0,1,0,31,7,3,0,15,254,15
344426,2025-01-31 01:52:16.357077,47.504999999999995,8,70.441054,47.506,1,0xcaf00370,0,0,2,8191,8191,0,0,0,0,1,0,31,7,3,0,15,254,15
344566,2025-01-31 01:52:16.360639,3.5620000000000003,8,70.444616,3.562,7,0xcaf00370,0,0,2,8191,8191,0,0,0,0,1,0,31,7,3,0,15,254,15
346114,2025-01-31 01:52:16.406534,45.894999999999996,8,70.490511,45.895,1,0xcaf00370,0,0,2,8191,8191,1,0,0,0,1,0,31,7,3,0,15,254,15
346203,2025-01-31 01:52:16.409861,3.327,8,70.493838,3.327,7,0xcaf00370,0,0,2,8191,8191,1,0,0,0,1,0,31,7,3,0,15,254,15
348326,2025-01-31 01:52:16.476613,66.75200000000001,8,70.56059,66.752,1,0xcaf00370,0,0,2,8191,8191,2,0,0,0,1,0,31,7,3,0,15,254,15
348401,2025-01-31 01:52:16.479609,2.996,8,70.563586,2.996,7,0xcaf00370,0,0,2,8191,8191,2,0,0,0,1,0,31,7,3,0,15,254,15
349909,2025-01-31 01:52:16.525637,46.028,8,70.609614,46.028,1,0xcaf00370,0,0,2,8191,8191,3,0,0,0,1,0,31,7,3,0,15,254,15
349926,2025-01-31 01:52:16.528404,2.767,8,70.612381,2.767,7,0xcaf00370,0,0,2,8191,8191,3,0,0,0,1,0,31,7,3,0,15,254,15
351920,2025-01-31 01:52:16.586123,57.719,8,70.6701,57.719,1,0xcaf00370,0,0,2,8191,8191,0,0,0,0,1,0,31,7,3,0,15,254,15
351957,2025-01-31 01:52:16.588604,2.4810000000000003,8,70.672581,2.481,7,0xcaf00370,0,0,2,8191,8191,0,0,0,0,1,0,31,7,3,0,15,254,15
353493,2025-01-31 01:52:16.636619,48.015,8,70.720596,48.015,1,0xcaf00370,0,0,2,8191,8191,1,0,0,0,1,0,31,7,3,0,15,254,15
353522,2025-01-31 01:52:16.638863,2.2439999999999998,8,70.72284,2.244,7,0xcaf00370,0,0,2,8191,8191,1,0,0,0,1,0,31,7,3,0,15,254,15
355188,2025-01-31 01:52:16.687004,48.141000000000005,8,70.770981,48.141,1,0xcaf00370,0,0,2,8191,8191,2,0,0,0,1,0,31,7,3,0,15,254,15
355224,2025-01-31 01:52:16.689008,2.004,8,70.772985,2.004,7,0xcaf00370,0,0,2,8191,8191,2,0,0,0,1,0,31,7,3,0,15,254,15
356733,2025-01-31 01:52:16.736844,47.836,8,70.820821,47.836,1,0xcaf00370,0,0,2,8191,8191,3,0,0,0,1,0,31,7,3,0,15,254,15
356777,2025-01-31 01:52:16.738615,1.771,8,70.822592,1.771,7,0xcaf00370,0,0,2,8191,8191,3,0,0,0,1,0,31,7,3,0,15,254,15
358750,2025-01-31 01:52:16.796383,57.768,8,70.88036,57.768,1,0xcaf00370,0,0,2,8191,8191,0,0,0,0,1,0,31,7,3,0,15,254,15
358763,2025-01-31 01:52:16.797873,1.49,8,70.88185,1.49,7,0xcaf00370,0,0,2,8191,8191,0,0,0,0,1,0,31,7,3,0,15,254,15
360356,2025-01-31 01:52:16.846816,48.943,8,70.930793,48.943,1,0xcaf00370,0,0,2,8191,8191,1,0,0,0,1,0,31,7,3,0,15,254,15
360376,2025-01-31 01:52:16.848068,1.252,8,70.932045,1.252,7,0xcaf00370,0,0,2,8191,8191,1,0,0,0,1,0,31,7,3,0,15,254,15
362692,2025-01-31 01:52:16.916275,68.20700000000001,8,71.000252,68.207,1,0xcaf00370,0,0,2,8191,8191,2,0,0,0,1,0,31,7,3,0,15,254,15
362700,2025-01-31 01:52:16.917199,0.924,8,71.001176,0.924,7,0xcaf00370,0,0,2,8191,8191,2,0,0,0,1,0,31,7,3,0,15,254,15
364291,2025-01-31 01:52:16.965953,48.754,8,71.04993,48.754,1,0xcaf00370,0,0,2,8191,8191,3,0,0,0,1,0,31,7,3,0,15,254,15
364294,2025-01-31 01:52:16.966476,0.523,8,71.050453,0.523,7,0xcaf00370,0,0,2,8191,8191,3,0,0,0,1,0,31,7,3,0,15,254,15
366202,2025-01-31 01:52:17.025664,59.187999999999995,8,71.109641,59.188,1,0xcaf00370,0,0,2,8191,8191,0,0,0,0,1,0,31,7,3,0,15,254,15
366205,2025-01-31 01:52:17.026072,0.408,8,71.110049,0.408,7,0xcaf00370,0,0,2,8191,8191,0,0,0,0,1,0,31,7,3,0,15,254,15
367850,2025-01-31 01:52:17.076597,50.525,8,71.160574,50.525,1,0xcaf00370,0,0,2,8191,8191,1,0,0,0,1,0,31,7,3,0,15,254,15
367852,2025-01-31 01:52:17.076766,0.16899999999999998,8,71.160742,0.168,7,0xcaf00370,0,0,2,8191,8191,1,0,0,0,1,0,31,7,3,0,15,254,15
369455,2025-01-31 01:52:17.125997,49.230999999999995,8,71.209974,49.232,7,0xcaf00370,0,0,2,8191,8191,2,0,0,0,1,0,31,7,3,0,15,254,15
369456,2025-01-31 01:52:17.126059,0.062,8,71.210036,0.062,1,0xcaf00370,0,0,2,8191,8191,2,0,0,0,1,0,31,7,3,0,15,254,15
371102,2025-01-31 01:52:17.176519,50.46,8,71.260496,50.46,7,0xcaf00370,0,0,2,8191,8191,3,0,0,0,1,0,31,7,3,0,15,254,15
371103,2025-01-31 01:52:17.176821,0.30200000000000005,8,71.260798,0.302,1,0xcaf00370,0,0,2,8191,8191,3,0,0,0,1,0,31,7,3,0,15,254,15
373014,2025-01-31 01:52:17.236705,59.884,8,71.320682,59.884,7,0xcaf00370,0,0,2,8191,8191,0,0,0,0,1,0,31,7,3,0,15,254,15
373024,2025-01-31 01:52:17.237189,0.484,8,71.321166,0.484,1,0xcaf00370,0,0,2,8191,8191,0,0,0,0,1,0,31,7,3,0,15,254,15
374696,2025-01-31 01:52:17.285772,48.583,8,71.369749,48.583,7,0xcaf00370,0,0,2,8191,8191,1,0,0,0,1,0,31,7,3,0,15,254,15
374715,2025-01-31 01:52:17.286200,0.428,8,71.370177,0.428,1,0xcaf00370,0,0,2,8191,8191,1,0,0,0,1,0,31,7,3,0,15,254,15
377008,2025-01-31 01:52:17.355938,69.738,8,71.439915,69.738,7,0xcaf00370,0,0,2,8191,8191,2,0,0,0,1,0,31,7,3,0,15,254,15
377023,2025-01-31 01:52:17.356573,0.635,8,71.44055,0.635,1,0xcaf00370,0,0,2,8191,8191,2,0,0,0,1,0,31,7,3,0,15,254,15
378666,2025-01-31 01:52:17.405072,48.499,8,71.489049,48.499,7,0xcaf00370,0,0,2,8191,8191,3,0,0,0,1,0,31,7,3,0,15,254,15
378694,2025-01-31 01:52:17.405769,0.6970000000000001,8,71.489746,0.697,1,0xcaf00370,0,0,2,8191,8191,3,0,0,0,1,0,31,7,3,0,15,254,15
380305,2025-01-31 01:52:17.456427,50.658,8,71.540404,50.658,7,0xcaf00370,0,0,2,8191,8191,0,0,0,0,1,0,31,7,3,0,15,254,15
380315,2025-01-31 01:52:17.457188,0.761,8,71.541165,0.761,1,0xcaf00370,0,0,2,8191,8191,0,0,0,0,1,0,31,7,3,0,15,254,15
381883,2025-01-31 01:52:17.505010,47.822,8,71.588987,47.822,7,0xcaf00370,0,0,2,8191,8191,1,0,0,0,1,0,31,7,3,0,15,254,15
381912,2025-01-31 01:52:17.505833,0.823,8,71.58981,0.823,1,0xcaf00370,0,0,2,8191,8191,1,0,0,0,1,0,31,7,3,0,15,254,15
383848,2025-01-31 01:52:17.564976,59.143,8,71.648952,59.142,7,0xcaf00370,0,0,2,8191,8191,2,0,0,0,1,0,31,7,3,0,15,254,15
383872,2025-01-31 01:52:17.566058,1.082,8,71.650035,1.083,1,0xcaf00370,0,0,2,8191,8191,2,0,0,0,1,0,31,7,3,0,15,254,15
385532,2025-01-31 01:52:17.615388,49.33,8,71.699365,49.33,7,0xcaf00370,0,0,2,8191,8191,3,0,0,0,1,0,31,7,3,0,15,254,15
385558,2025-01-31 01:52:17.616351,0.963,8,71.700328,0.963,1,0xcaf00370,0,0,2,8191,8191,3,0,0,0,1,0,31,7,3,0,15,254,15
387458,2025-01-31 01:52:17.675471,59.12,8,71.759448,59.12,7,0xcaf00370,0,0,2,8191,8191,0,0,0,0,1,0,31,7,3,0,15,254,15
387487,2025-01-31 01:52:17.676508,1.037,8,71.760485,1.037,1,0xcaf00370,0,0,2,8191,8191,0,0,0,0,1,0,31,7,3,0,15,254,15
389038,2025-01-31 01:52:17.724505,47.997,8,71.808482,47.997,7,0xcaf00370,0,0,2,8191,8191,1,0,0,0,1,0,31,7,3,0,15,254,15
389075,2025-01-31 01:52:17.725605,1.1,8,71.809582,1.1,1,0xcaf00370,0,0,2,8191,8191,1,0,0,0,1,0,31,7,3,0,15,254,15
390715,2025-01-31 01:52:17.775703,50.098,8,71.85968,50.098,7,0xcaf00370,0,0,2,8191,8191,2,0,0,0,1,0,31,7,3,0,15,254,15
390738,2025-01-31 01:52:17.776870,1.167,8,71.860847,1.167,1,0xcaf00370,0,0,2,8191,8191,2,0,0,0,1,0,31,7,3,0,15,254,15
392289,2025-01-31 01:52:17.824689,47.819,8,71.908666,47.819,7,0xcaf00370,0,0,2,8191,8191,3,0,0,0,1,0,31,7,3,0,15,254,15
392319,2025-01-31 01:52:17.825917,1.228,8,71.909894,1.228,1,0xcaf00370,0,0,2,8191,8191,3,0,0,0,1,0,31,7,3,0,15,254,15
394308,2025-01-31 01:52:17.885240,59.323,8,71.969217,59.323,7,0xcaf00370,0,0,2,8191,8191,0,0,0,0,1,0,31,7,3,0,15,254,15
394347,2025-01-31 01:52:17.886544,1.304,8,71.970521,1.304,1,0xcaf00370,0,0,2,8191,8191,0,0,0,0,1,0,31,7,3,0,15,254,15
395861,2025-01-31 01:52:17.935194,48.65,8,72.019171,48.65,7,0xcaf00370,0,0,2,8191,8191,1,0,0,0,1,0,31,7,3,0,15,254,15
395910,2025-01-31 01:52:17.936561,1.367,8,72.020538,1.367,1,0xcaf00370,0,0,2,8191,8191,1,0,0,0,1,0,31,7,3,0,15,254,15
397864,2025-01-31 01:52:17.994940,58.379,8,72.078917,58.379,7,0xcaf00370,0,0,2,8191,8191,2,0,0,0,1,0,31,7,3,0,15,254,15
397922,2025-01-31 01:52:17.996384,1.444,8,72.080361,1.444,1,0xcaf00370,0,0,2,8191,8191,2,0,0,0,1,0,31,7,3,0,15,254,15
399438,2025-01-31 01:52:18.044871,48.487,8,72.128848,48.487,7,0xcaf00370,0,0,2,8191,8191,3,0,0,0,1,0,31,7,3,0,15,254,15
399508,2025-01-31 01:52:18.046198,1.327,8,72.130175,1.327,1,0xcaf00370,0,0,2,8191,8191,3,0,0,0,1,0,31,7,3,0,15,254,15
401394,2025-01-31 01:52:18.104081,57.882999999999996,8,72.188058,57.883,7,0xcaf00370,0,0,2,8191,8191,0,0,0,0,1,0,31,7,3,0,15,254,15
401473,2025-01-31 01:52:18.105669,1.588,8,72.189647,1.589,1,0xcaf00370,0,0,2,8191,8191,0,0,0,0,1,0,31,7,3,0,15,254,15
402985,2025-01-31 01:52:18.154796,49.126999999999995,8,72.238773,49.126,7,0xcaf00370,0,0,2,8191,8191,1,0,0,0,1,0,31,7,3,0,15,254,15
403074,2025-01-31 01:52:18.156412,1.616,8,72.240389,1.616,1,0xcaf00370,0,0,2,8191,8191,1,0,0,0,1,0,31,7,3,0,15,254,15
405047,2025-01-31 01:52:18.217045,60.633,8,72.301022,60.633,7,0xcaf00370,0,0,2,8191,8191,2,0,0,0,1,0,31,7,3,0,15,254,15
405085,2025-01-31 01:52:18.218819,1.774,8,72.302796,1.774,1,0xcaf00370,0,0,2,8191,8191,2,0,0,0,1,0,31,7,3,0,15,254,15
406560,2025-01-31 01:52:18.264236,45.417,8,72.348213,45.417,7,0xcaf00370,0,0,2,8191,8191,3,0,0,0,1,0,31,7,3,0,15,254,15
406648,2025-01-31 01:52:18.266170,1.934,8,72.350147,1.934,1,0xcaf00370,0,0,2,8191,8191,3,0,0,0,1,0,31,7,3,0,15,254,15
408202,2025-01-31 01:52:18.314661,48.491,8,72.398638,48.491,7,0xcaf00370,0,0,2,8191,8191,0,0,0,0,1,0,31,7,3,0,15,254,15
408288,2025-01-31 01:52:18.316767,2.106,8,72.400744,2.106,1,0xcaf00370,0,0,2,8191,8191,0,0,0,0,1,0,31,7,3,0,15,254,15
409860,2025-01-31 01:52:18.363696,46.929,8,72.447673,46.929,7,0xcaf00370,0,0,2,8191,8191,1,0,0,0,1,0,31,7,3,0,15,254,15
409971,2025-01-31 01:52:18.366053,2.357,8,72.45003,2.357,1,0xcaf00370,0,0,2,8191,8191,1,0,0,0,1,0,31,7,3,0,15,254,15
411900,2025-01-31 01:52:18.423199,57.146,8,72.507176,57.146,7,0xcaf00370,0,0,2,8191,8191,2,0,0,0,1,0,31,7,3,0,15,254,15
412004,2025-01-31 01:52:18.425676,2.477,8,72.509653,2.477,1,0xcaf00370,0,0,2,8191,8191,2,0,0,0,1,0,31,7,3,0,15,254,15
413440,2025-01-31 01:52:18.472812,47.135999999999996,8,72.556789,47.136,7,0xcaf00370,0,0,2,8191,8191,3,0,0,0,1,0,31,7,3,0,15,254,15
413598,2025-01-31 01:52:18.475637,2.8249999999999997,8,72.559614,2.825,1,0xcaf00370,0,0,2,8191,8191,3,0,0,0,1,0,31,7,3,0,15,254,15
415411,2025-01-31 01:52:18.533829,58.192,8,72.617806,58.192,7,0xcaf00370,0,0,2,8191,8191,0,0,0,0,1,0,31,7,3,0,15,254,15
415541,2025-01-31 01:52:18.536687,2.8579999999999997,8,72.620664,2.858,1,0xcaf00370,0,0,2,8191,8191,0,0,0,0,1,0,31,7,3,0,15,254,15
417228,2025-01-31 01:52:18.586220,49.533,8,72.670197,49.533,7,0xcaf00370,0,0,2,8191,8191,1,0,0,0,1,0,31,7,3,0,15,254,15
417311,2025-01-31 01:52:18.589396,3.176,8,72.673373,3.176,1,0xcaf00370,0,0,2,8191,8191,1,0,0,0,1,0,31,7,3,0,15,254,15
419030,2025-01-31 01:52:18.643920,54.524,8,72.727897,54.524,7,0xcaf00370,0,0,2,8191,8191,2,0,0,0,1,0,31,7,3,0,15,254,15
419176,2025-01-31 01:52:18.646816,2.8960000000000004,8,72.730793,2.896,1,0xcaf00370,0,0,2,8191,8191,2,0,0,0,1,0,31,7,3,0,15,254,15
420615,2025-01-31 01:52:18.692061,45.245,8,72.776038,45.245,7,0xcaf00370,0,0,2,8191,8191,3,0,0,0,1,0,31,7,3,0,15,254,15
420827,2025-01-31 01:52:18.695771,3.7100000000000004,8,72.779748,3.71,1,0xcaf00370,0,0,2,8191,8191,3,0,0,0,1,0,31,7,3,0,15,254,15
422544,2025-01-31 01:52:18.752296,56.525,8,72.836273,56.525,7,0xcaf00370,0,0,2,8191,8191,0,0,0,0,1,0,31,7,3,0,15,254,15
422733,2025-01-31 01:52:18.755801,3.505,8,72.839778,3.505,1,0xcaf00370,0,0,2,8191,8191,0,0,0,0,1,0,31,7,3,0,15,254,15
424196,2025-01-31 01:52:18.801741,45.940000000000005,8,72.885718,45.94,7,0xcaf00370,0,0,2,8191,8191,1,0,0,0,1,0,31,7,3,0,15,254,15
424367,2025-01-31 01:52:18.805580,3.839,8,72.889557,3.839,1,0xcaf00370,0,0,2,8191,8191,1,0,0,0,1,0,31,7,3,0,15,254,15
426153,2025-01-31 01:52:18.861693,56.11300000000001,8,72.94567,56.113,7,0xcaf00370,0,0,2,8191,8191,2,0,0,0,1,0,31,7,3,0,15,254,15
426327,2025-01-31 01:52:18.865553,3.8600000000000003,8,72.94953,3.86,1,0xcaf00370,0,0,2,8191,8191,2,0,0,0,1,0,31,7,3,0,15,254,15
427769,2025-01-31 01:52:18.912287,46.733999999999995,8,72.996264,46.734,7,0xcaf00370,0,0,2,8191,8191,3,0,0,0,1,0,31,7,3,0,15,254,15
427969,2025-01-31 01:52:18.916439,4.152,8,73.000416,4.152,1,0xcaf00370,0,0,2,8191,8191,3,0,0,0,1,0,31,7,3,0,15,254,15
429694,2025-01-31 01:52:18.972129,55.690000000000005,8,73.056106,55.69,7,0xcaf00370,0,0,2,8191,8191,0,0,0,0,1,0,31,7,3,0,15,254,15
429904,2025-01-31 01:52:18.976485,4.356,8,73.060462,4.356,1,0xcaf00370,0,0,2,8191,8191,0,0,0,0,1,0,31,7,3,0,15,254,15
431307,2025-01-31 01:52:19.022022,45.537,8,73.105998,45.536,7,0xcaf00370,0,0,2,8191,8191,1,0,0,0,1,0,31,7,3,0,15,254,15
431496,2025-01-31 01:52:19.026548,4.526,8,73.110525,4.527,1,0xcaf00370,0,0,2,8191,8191,1,0,0,0,1,0,31,7,3,0,15,254,15
432925,2025-01-31 01:52:19.072112,45.564,8,73.156089,45.564,7,0xcaf00370,0,0,2,8191,8191,2,0,0,0,1,0,31,7,3,0,15,254,15
433148,2025-01-31 01:52:19.076811,4.699,8,73.160788,4.699,1,0xcaf00370,0,0,2,8191,8191,2,0,0,0,1,0,31,7,3,0,15,254,15
434563,2025-01-31 01:52:19.122345,45.534,8,73.206322,45.534,7,0xcaf00370,0,0,2,8191,8191,3,0,0,0,1,0,31,7,3,0,15,254,15
434760,2025-01-31 01:52:19.127215,4.87,8,73.211192,4.87,1,0xcaf00370,0,0,2,8191,8191,3,0,0,0,1,0,31,7,3,0,15,254,15
436902,2025-01-31 01:52:19.191475,64.25999999999999,8,73.275452,64.26,7,0xcaf00370,0,0,2,8191,8191,0,0,0,0,1,0,31,7,3,0,15,254,15
437147,2025-01-31 01:52:19.196639,5.164000000000001,8,73.280616,5.164,1,0xcaf00370,0,0,2,8191,8191,0,0,0,0,1,0,31,7,3,0,15,254,15
438487,2025-01-31 01:52:19.241893,45.254000000000005,8,73.32587,45.254,7,0xcaf00370,0,0,2,8191,8191,1,0,0,0,1,0,31,7,3,0,15,254,15
438716,2025-01-31 01:52:19.246859,4.966,8,73.330836,4.966,1,0xcaf00370,0,0,2,8191,8191,1,0,0,0,1,0,31,7,3,0,15,254,15
440194,2025-01-31 01:52:19.291712,44.852999999999994,8,73.375689,44.853,7,0xcaf00370,0,0,2,8191,8191,2,0,0,0,1,0,31,7,3,0,15,254,15
440421,2025-01-31 01:52:19.296804,5.0920000000000005,8,73.380781,5.092,1,0xcaf00370,0,0,2,8191,8191,2,0,0,0,1,0,31,7,3,0,15,254,15
441732,2025-01-31 01:52:19.341584,44.78,8,73.425561,44.78,7,0xcaf00370,0,0,2,8191,8191,3,0,0,0,1,0,31,7,3,0,15,254,15
441949,2025-01-31 01:52:19.346475,4.891,8,73.430451,4.89,1,0xcaf00370,0,0,2,8191,8191,3,0,0,0,1,0,31,7,3,0,15,254,15
444157,2025-01-31 01:52:19.411685,65.21000000000001,8,73.495662,65.211,7,0xcaf00370,0,0,2,8191,8191,0,0,0,0,1,0,31,7,3,0,15,254,15
444371,2025-01-31 01:52:19.416841,5.156,8,73.500818,5.156,1,0xcaf00370,0,0,2,8191,8191,0,0,0,0,1,0,31,7,3,0,15,254,15
445757,2025-01-31 01:52:19.460759,43.918,8,73.544736,43.918,7,0xcaf00370,0,0,2,8191,8191,1,0,0,0,1,0,31,7,3,0,15,254,15
445937,2025-01-31 01:52:19.465944,5.1850000000000005,8,73.549921,5.185,1,0xcaf00370,0,0,2,8191,8191,1,0,0,0,1,0,31,7,3,0,15,254,15
447368,2025-01-31 01:52:19.511977,46.032999999999994,8,73.595954,46.033,7,0xcaf00370,0,0,2,8191,8191,2,0,0,0,1,0,31,7,3,0,15,254,15
447582,2025-01-31 01:52:19.516988,5.011,8,73.600965,5.011,1,0xcaf00370,0,0,2,8191,8191,2,0,0,0,1,0,31,7,3,0,15,254,15
448996,2025-01-31 01:52:19.561358,44.37,8,73.645335,44.37,7,0xcaf00370,0,0,2,8191,8191,3,0,0,0,1,0,31,7,3,0,15,254,15
449192,2025-01-31 01:52:19.566469,5.111,8,73.650446,5.111,1,0xcaf00370,0,0,2,8191,8191,3,0,0,0,1,0,31,7,3,0,15,254,15
451304,2025-01-31 01:52:19.631691,65.22200000000001,8,73.715668,65.222,7,0xcaf00370,0,0,2,8191,8191,0,0,0,0,1,0,31,7,3,0,15,254,15
451521,2025-01-31 01:52:19.636862,5.171,8,73.720838,5.17,1,0xcaf00370,0,0,2,8191,8191,0,0,0,0,1,0,31,7,3,0,15,254,15
452983,2025-01-31 01:52:19.681497,44.635,8,73.765474,44.636,7,0xcaf00370,0,0,2,8191,8191,1,0,0,0,1,0,31,7,3,0,15,254,15
453188,2025-01-31 01:52:19.686508,5.011,8,73.770485,5.011,1,0xcaf00370,0,0,2,8191,8191,1,0,0,0,1,0,31,7,3,0,15,254,15
454556,2025-01-31 01:52:19.732164,45.656,8,73.816141,45.656,7,0xcaf00370,0,0,2,8191,8191,2,0,0,0,1,0,31,7,3,0,15,254,15
454774,2025-01-31 01:52:19.737263,5.099,8,73.821241,5.1,1,0xcaf00370,0,0,2,8191,8191,2,0,0,0,1,0,31,7,3,0,15,254,15
456243,2025-01-31 01:52:19.781874,44.611,8,73.865851,44.61,7,0xcaf00370,0,0,2,8191,8191,3,0,0,0,1,0,31,7,3,0,15,254,15
456434,2025-01-31 01:52:19.786345,4.471,8,73.870322,4.471,1,0xcaf00370,0,0,2,8191,8191,3,0,0,0,1,0,31,7,3,0,15,254,15
458114,2025-01-31 01:52:19.842031,55.686,8,73.926008,55.686,7,0xcaf00370,0,0,2,8191,8191,0,0,0,0,1,0,31,7,3,0,15,254,15
458318,2025-01-31 01:52:19.846307,4.276000000000001,8,73.930284,4.276,1,0xcaf00370,0,0,2,8191,8191,0,0,0,0,1,0,31,7,3,0,15,254,15
459835,2025-01-31 01:52:19.891697,45.39,8,73.975674,45.39,7,0xcaf00370,0,0,2,8191,8191,1,0,0,0,1,0,31,7,3,0,15,254,15
460037,2025-01-31 01:52:19.896453,4.756,8,73.98043,4.756,1,0xcaf00370,0,0,2,8191,8191,1,0,0,0,1,0,31,7,3,0,15,254,15
461779,2025-01-31 01:52:19.952298,55.845,8,74.036275,55.845,7,0xcaf00370,0,0,2,8191,8191,2,0,0,0,1,0,31,7,3,0,15,254,15
461996,2025-01-31 01:52:19.957061,4.763,8,74.041038,4.763,1,0xcaf00370,0,0,2,8191,8191,2,0,0,0,1,0,31,7,3,0,15,254,15
463420,2025-01-31 01:52:20.001253,44.192,8,74.08523,44.192,7,0xcaf00370,0,0,2,8191,8191,3,0,0,0,1,0,31,7,3,0,15,254,15
463578,2025-01-31 01:52:20.005945,4.692,8,74.089922,4.692,1,0xcaf00370,0,0,2,8191,8191,3,0,0,0,1,0,31,7,3,0,15,254,15
465042,2025-01-31 01:52:20.052574,46.629,8,74.136551,46.629,7,0xcaf00370,0,0,2,8191,8191,0,0,0,0,1,0,31,7,3,0,15,254,15
465249,2025-01-31 01:52:20.057240,4.666,8,74.141217,4.666,1,0xcaf00370,0,0,2,8191,8191,0,0,0,0,1,0,31,7,3,0,15,254,15
466681,2025-01-31 01:52:20.101303,44.062999999999995,8,74.18528,44.063,7,0xcaf00370,0,0,2,8191,8191,1,0,0,0,1,0,31,7,3,0,15,254,15
466840,2025-01-31 01:52:20.105934,4.630999999999999,8,74.189911,4.631,1,0xcaf00370,0,0,2,8191,8191,1,0,0,0,1,0,31,7,3,0,15,254,15
468583,2025-01-31 01:52:20.161413,55.479,8,74.24539,55.479,7,0xcaf00370,0,0,2,8191,8191,2,0,0,0,1,0,31,7,3,0,15,254,15
468762,2025-01-31 01:52:20.166426,5.013,8,74.250403,5.013,1,0xcaf00370,0,0,2,8191,8191,2,0,0,0,1,0,31,7,3,0,15,254,15
470213,2025-01-31 01:52:20.212027,45.601,8,74.296004,45.601,7,0xcaf00370,0,0,2,8191,8191,3,0,0,0,1,0,31,7,3,0,15,254,15
470399,2025-01-31 01:52:20.216537,4.51,8,74.300514,4.51,1,0xcaf00370,0,0,2,8191,8191,3,0,0,0,1,0,31,7,3,0,15,254,15
472156,2025-01-31 01:52:20.272240,55.703,8,74.356217,55.703,7,0xcaf00370,0,0,2,8191,8191,0,0,0,0,1,0,31,7,3,0,15,254,15
472337,2025-01-31 01:52:20.276778,4.538,8,74.360755,4.538,1,0xcaf00370,0,0,2,8191,8191,0,0,0,0,1,0,31,7,3,0,15,254,15
473790,2025-01-31 01:52:20.321239,44.461,8,74.405216,44.461,7,0xcaf00370,0,0,2,8191,8191,1,0,0,0,1,0,31,7,3,0,15,254,15
473925,2025-01-31 01:52:20.325766,4.527,8,74.409743,4.527,1,0xcaf00370,0,0,2,8191,8191,1,0,0,0,1,0,31,7,3,0,15,254,15
476185,2025-01-31 01:52:20.392281,66.515,8,74.476258,66.515,7,0xcaf00370,0,0,2,8191,8191,2,0,0,0,1,0,31,7,3,0,15,254,15
476368,2025-01-31 01:52:20.396631,4.35,8,74.480608,4.35,1,0xcaf00370,0,0,2,8191,8191,2,0,0,0,1,0,31,7,3,0,15,254,15
477747,2025-01-31 01:52:20.441924,45.293,8,74.525901,45.293,7,0xcaf00370,0,0,2,8191,8191,3,0,0,0,1,0,31,7,3,0,15,254,15
477931,2025-01-31 01:52:20.446414,4.49,8,74.53039,4.489,1,0xcaf00370,0,0,2,8191,8191,3,0,0,0,1,0,31,7,3,0,15,254,15
479727,2025-01-31 01:52:20.501455,55.041,8,74.585432,55.042,7,0xcaf00370,0,0,2,8191,8191,0,0,0,0,1,0,31,7,3,0,15,254,15
479889,2025-01-31 01:52:20.505937,4.482,8,74.589914,4.482,1,0xcaf00370,0,0,2,8191,8191,0,0,0,0,1,0,31,7,3,0,15,254,15
481290,2025-01-31 01:52:20.552212,46.275,8,74.636189,46.275,7,0xcaf00370,0,0,2,8191,8191,1,0,0,0,1,0,31,7,3,0,15,254,15
481497,2025-01-31 01:52:20.556682,4.47,8,74.640659,4.47,1,0xcaf00370,0,0,2,8191,8191,1,0,0,0,1,0,31,7,3,0,15,254,15
483313,2025-01-31 01:52:20.612103,55.421,8,74.696079,55.42,7,0xcaf00370,0,0,2,8191,8191,2,0,0,0,1,0,31,7,3,0,15,254,15
483490,2025-01-31 01:52:20.616557,4.454,8,74.700534,4.455,1,0xcaf00370,0,0,2,8191,8191,2,0,0,0,1,0,31,7,3,0,15,254,15
484915,2025-01-31 01:52:20.661508,44.951,8,74.745485,44.951,7,0xcaf00370,0,0,2,8191,8191,3,0,0,0,1,0,31,7,3,0,15,254,15
485088,2025-01-31 01:52:20.666292,4.784,8,74.750269,4.784,1,0xcaf00370,0,0,2,8191,8191,3,0,0,0,1,0,31,7,3,0,15,254,15
487137,2025-01-31 01:52:20.732231,65.939,8,74.816208,65.939,7,0xcaf00370,0,0,2,8191,8191,0,0,0,0,1,0,31,7,3,0,15,254,15
487338,2025-01-31 01:52:20.736655,4.424,8,74.820633,4.425,1,0xcaf00370,0,0,2,8191,8191,0,0,0,0,1,0,31,7,3,0,15,254,15
488818,2025-01-31 01:52:20.781660,45.005,8,74.865637,45.004,7,0xcaf00370,0,0,2,8191,8191,1,0,0,0,1,0,31,7,3,0,15,254,15
489023,2025-01-31 01:52:20.786072,4.412,8,74.870049,4.412,1,0xcaf00370,0,0,2,8191,8191,1,0,0,0,1,0,31,7,3,0,15,254,15
491117,2025-01-31 01:52:20.852493,66.42099999999999,8,74.93647,66.421,7,0xcaf00370,0,0,2,8191,8191,2,0,0,0,1,0,31,7,3,0,15,254,15
491314,2025-01-31 01:52:20.856889,4.396,8,74.940866,4.396,1,0xcaf00370,0,0,2,8191,8191,2,0,0,0,1,0,31,7,3,0,15,254,15
492766,2025-01-31 01:52:20.901557,44.668,8,74.985534,44.668,7,0xcaf00370,0,0,2,8191,8191,3,0,0,0,1,0,31,7,3,0,15,254,15
492927,2025-01-31 01:52:20.905940,4.383,8,74.989917,4.383,1,0xcaf00370,0,0,2,8191,8191,3,0,0,0,1,0,31,7,3,0,15,254,15
494364,2025-01-31 01:52:20.952761,46.821,8,75.036738,46.821,7,0xcaf00370,0,0,2,8191,8191,0,0,0,0,1,0,31,7,3,0,15,254,15
494556,2025-01-31 01:52:20.957130,4.369,8,75.041107,4.369,1,0xcaf00370,0,0,2,8191,8191,0,0,0,0,1,0,31,7,3,0,15,254,15
495998,2025-01-31 01:52:21.001529,44.399,8,75.085506,44.399,7,0xcaf00370,0,0,2,8191,8191,1,0,0,0,1,0,31,7,3,0,15,254,15
496161,2025-01-31 01:52:21.005888,4.359,8,75.089865,4.359,1,0xcaf00370,0,0,2,8191,8191,1,0,0,0,1,0,31,7,3,0,15,254,15
497622,2025-01-31 01:52:21.052773,46.885000000000005,8,75.13675,46.885,7,0xcaf00370,0,0,2,8191,8191,2,0,0,0,1,0,31,7,3,0,15,254,15
497809,2025-01-31 01:52:21.057120,4.347,8,75.141097,4.347,1,0xcaf00370,0,0,2,8191,8191,2,0,0,0,1,0,31,7,3,0,15,254,15
499255,2025-01-31 01:52:21.101563,44.443000000000005,8,75.18554,44.443,7,0xcaf00370,0,0,2,8191,8191,3,0,0,0,1,0,31,7,3,0,15,254,15
499426,2025-01-31 01:52:21.105896,4.333,8,75.189873,4.333,1,0xcaf00370,0,0,2,8191,8191,3,0,0,0,1,0,31,7,3,0,15,254,15
501170,2025-01-31 01:52:21.161524,55.628,8,75.245501,55.628,7,0xcaf00370,0,0,2,8191,8191,0,0,0,0,1,0,31,7,3,0,15,254,15
501328,2025-01-31 01:52:21.166189,4.665,8,75.250166,4.665,1,0xcaf00370,0,0,2,8191,8191,0,0,0,0,1,0,31,7,3,0,15,254,15
502805,2025-01-31 01:52:21.212191,46.002,8,75.296168,46.002,7,0xcaf00370,0,0,2,8191,8191,1,0,0,0,1,0,31,7,3,0,15,254,15
502972,2025-01-31 01:52:21.216473,4.282,8,75.30045,4.282,1,0xcaf00370,0,0,2,8191,8191,1,0,0,0,1,0,31,7,3,0,15,254,15
505076,2025-01-31 01:52:21.281910,65.437,8,75.365887,65.437,7,0xcaf00370,0,0,2,8191,8191,2,0,0,0,1,0,31,7,3,0,15,254,15
505264,2025-01-31 01:52:21.285939,4.029,8,75.369916,4.029,1,0xcaf00370,0,0,2,8191,8191,2,0,0,0,1,0,31,7,3,0,15,254,15
506669,2025-01-31 01:52:21.332582,46.642999999999994,8,75.416559,46.643,7,0xcaf00370,0,0,2,8191,8191,3,0,0,0,1,0,31,7,3,0,15,254,15
506845,2025-01-31 01:52:21.336472,3.8899999999999997,8,75.420449,3.89,1,0xcaf00370,0,0,2,8191,8191,3,0,0,0,1,0,31,7,3,0,15,254,15
509193,2025-01-31 01:52:21.402292,65.82000000000001,8,75.486269,65.82,7,0xcaf00370,0,0,2,8191,8191,0,0,0,0,1,0,31,7,3,0,15,254,15
509337,2025-01-31 01:52:21.405916,3.624,8,75.489893,3.624,1,0xcaf00370,0,0,2,8191,8191,0,0,0,0,1,0,31,7,3,0,15,254,15
510801,2025-01-31 01:52:21.453195,47.279,8,75.537172,47.279,7,0xcaf00370,0,0,2,8191,8191,1,0,0,0,1,0,31,7,3,0,15,254,15
510958,2025-01-31 01:52:21.456641,3.4459999999999997,8,75.540618,3.446,1,0xcaf00370,0,0,2,8191,8191,1,0,0,0,1,0,31,7,3,0,15,254,15
512756,2025-01-31 01:52:21.513214,56.573,8,75.597191,56.573,7,0xcaf00370,0,0,2,8191,8191,2,0,0,0,1,0,31,7,3,0,15,254,15
512876,2025-01-31 01:52:21.516451,3.2369999999999997,8,75.600428,3.237,1,0xcaf00370,0,0,2,8191,8191,2,0,0,0,1,0,31,7,3,0,15,254,15
514389,2025-01-31 01:52:21.563099,46.648,8,75.647076,46.648,7,0xcaf00370,0,0,2,8191,8191,3,0,0,0,1,0,31,7,3,0,15,254,15
514484,2025-01-31 01:52:21.566267,3.1679999999999997,8,75.650244,3.168,1,0xcaf00370,0,0,2,8191,8191,3,0,0,0,1,0,31,7,3,0,15,254,15
516073,2025-01-31 01:52:21.613547,47.28,8,75.697524,47.28,7,0xcaf00370,0,0,2,8191,8191,0,0,0,0,1,0,31,7,3,0,15,254,15
516177,2025-01-31 01:52:21.616436,2.8890000000000002,8,75.700413,2.889,1,0xcaf00370,0,0,2,8191,8191,0,0,0,0,1,0,31,7,3,0,15,254,15
517691,2025-01-31 01:52:21.662960,46.524,8,75.746937,46.524,7,0xcaf00370,0,0,2,8191,8191,1,0,0,0,1,0,31,7,3,0,15,254,15
517793,2025-01-31 01:52:21.665677,2.7169999999999996,8,75.749654,2.717,1,0xcaf00370,0,0,2,8191,8191,1,0,0,0,1,0,31,7,3,0,15,254,15
519969,2025-01-31 01:52:21.734160,68.483,8,75.818137,68.483,7,0xcaf00370,0,0,2,8191,8191,2,0,0,0,1,0,31,7,3,0,15,254,15
520070,2025-01-31 01:52:21.736630,2.4699999999999998,8,75.820607,2.47,1,0xcaf00370,0,0,2,8191,8191,2,0,0,0,1,0,31,7,3,0,15,254,15
521635,2025-01-31 01:52:21.783740,47.11,8,75.867717,47.11,7,0xcaf00370,0,0,2,8191,8191,3,0,0,0,1,0,31,7,3,0,15,254,15
521748,2025-01-31 01:52:21.786037,2.297,8,75.870014,2.297,1,0xcaf00370,0,0,2,8191,8191,3,0,0,0,1,0,31,7,3,0,15,254,15
523527,2025-01-31 01:52:21.844114,58.077,8,75.928091,58.077,7,0xcaf00370,0,0,2,8191,8191,0,0,0,0,1,0,31,7,3,0,15,254,15
523592,2025-01-31 01:52:21.846127,2.013,8,75.930104,2.013,1,0xcaf00370,0,0,2,8191,8191,0,0,0,0,1,0,31,7,3,0,15,254,15
525284,2025-01-31 01:52:21.894722,48.595,8,75.978699,48.595,7,0xcaf00370,0,0,2,8191,8191,1,0,0,0,1,0,31,7,3,0,15,254,15
525344,2025-01-31 01:52:21.896655,1.933,8,75.980632,1.933,1,0xcaf00370,0,0,2,8191,8191,1,0,0,0,1,0,31,7,3,0,15,254,15
526851,2025-01-31 01:52:21.944770,48.114999999999995,8,76.028747,48.115,7,0xcaf00370,0,0,2,8191,8191,2,0,0,0,1,0,31,7,3,0,15,254,15
526898,2025-01-31 01:52:21.946507,1.737,8,76.030484,1.737,1,0xcaf00370,0,0,2,8191,8191,2,0,0,0,1,0,31,7,3,0,15,254,15
528543,2025-01-31 01:52:21.995344,48.836999999999996,8,76.079321,48.837,7,0xcaf00370,0,0,2,8191,8191,3,0,0,0,1,0,31,7,3,0,15,254,15
528579,2025-01-31 01:52:21.996906,1.562,8,76.080883,1.562,1,0xcaf00370,0,0,2,8191,8191,3,0,0,0,1,0,31,7,3,0,15,254,15
530530,2025-01-31 01:52:22.057347,60.441,8,76.141323,60.44,7,0xcaf00370,0,0,2,8191,8191,0,0,0,0,1,0,31,7,3,0,15,254,15
530557,2025-01-31 01:52:22.058691,1.3439999999999999,8,76.142668,1.345,1,0xcaf00370,0,0,2,8191,8191,0,0,0,0,1,0,31,7,3,0,15,254,15
532087,2025-01-31 01:52:22.104615,45.924,8,76.188592,45.924,7,0xcaf00370,0,0,2,8191,8191,1,0,0,0,1,0,31,7,3,0,15,254,15
532131,2025-01-31 01:52:22.105803,1.188,8,76.18978,1.188,1,0xcaf00370,0,0,2,8191,8191,1,0,0,0,1,0,31,7,3,0,15,254,15
534075,2025-01-31 01:52:22.164743,58.94,8,76.24872,58.94,7,0xcaf00370,0,0,2,8191,8191,2,0,0,0,1,0,31,7,3,0,15,254,15
534101,2025-01-31 01:52:22.166122,1.379,8,76.250099,1.379,1,0xcaf00370,0,0,2,8191,8191,2,0,0,0,1,0,31,7,3,0,15,254,15
535726,2025-01-31 01:52:22.215595,49.473000000000006,8,76.299572,49.473,7,0xcaf00370,0,0,2,8191,8191,3,0,0,0,1,0,31,7,3,0,15,254,15
535740,2025-01-31 01:52:22.216595,1.0,8,76.300572,1.0,1,0xcaf00370,0,0,2,8191,8191,3,0,0,0,1,0,31,7,3,0,15,254,15
537652,2025-01-31 01:52:22.275591,58.996,8,76.359568,58.996,7,0xcaf00370,0,0,2,8191,8191,0,0,0,0,1,0,31,7,3,0,15,254,15
537669,2025-01-31 01:52:22.276378,0.787,8,76.360355,0.787,1,0xcaf00370,0,0,2,8191,8191,0,0,0,0,1,0,31,7,3,0,15,254,15
539261,2025-01-31 01:52:22.324834,48.455999999999996,8,76.408811,48.456,7,0xcaf00370,0,0,2,8191,8191,1,0,0,0,1,0,31,7,3,0,15,254,15
539269,2025-01-31 01:52:22.325581,0.747,8,76.409558,0.747,1,0xcaf00370,0,0,2,8191,8191,1,0,0,0,1,0,31,7,3,0,15,254,15
541339,2025-01-31 01:52:22.385533,59.952,8,76.46951,59.952,7,0xcaf00370,0,0,2,8191,8191,2,0,0,0,1,0,31,7,3,0,15,254,15
541359,2025-01-31 01:52:22.386055,0.522,8,76.470032,0.522,1,0xcaf00370,0,0,2,8191,8191,2,0,0,0,1,0,31,7,3,0,15,254,15
542917,2025-01-31 01:52:22.435752,49.696999999999996,8,76.519729,49.697,7,0xcaf00370,0,0,2,8191,8191,3,0,0,0,1,0,31,7,3,0,15,254,15
542930,2025-01-31 01:52:22.436411,0.6589999999999999,8,76.520388,0.659,1,0xcaf00370,0,0,2,8191,8191,3,0,0,0,1,0,31,7,3,0,15,254,15
544912,2025-01-31 01:52:22.495861,59.45,8,76.579837,59.449,7,0xcaf00370,0,0,2,8191,8191,0,0,0,0,1,0,31,7,3,0,15,254,15
544918,2025-01-31 01:52:22.496469,0.608,8,76.580446,0.609,1,0xcaf00370,0,0,2,8191,8191,0,0,0,0,1,0,31,7,3,0,15,254,15
546441,2025-01-31 01:52:22.545799,49.33,8,76.629776,49.33,7,0xcaf00370,0,0,2,8191,8191,1,0,0,0,1,0,31,7,3,0,15,254,15
546450,2025-01-31 01:52:22.546306,0.507,8,76.630283,0.507,1,0xcaf00370,0,0,2,8191,8191,1,0,0,0,1,0,31,7,3,0,15,254,15
548801,2025-01-31 01:52:22.615960,69.654,8,76.699937,69.654,7,0xcaf00370,0,0,2,8191,8191,2,0,0,0,1,0,31,7,3,0,15,254,15
548809,2025-01-31 01:52:22.616592,0.632,8,76.700569,0.632,1,0xcaf00370,0,0,2,8191,8191,2,0,0,0,1,0,31,7,3,0,15,254,15
550417,2025-01-31 01:52:22.665709,49.117000000000004,8,76.749686,49.117,7,0xcaf00370,0,0,2,8191,8191,3,0,0,0,1,0,31,7,3,0,15,254,15
550428,2025-01-31 01:52:22.666346,0.637,8,76.750323,0.637,1,0xcaf00370,0,0,2,8191,8191,3,0,0,0,1,0,31,7,3,0,15,254,15
552046,2025-01-31 01:52:22.716051,49.705,8,76.800028,49.705,7,0xcaf00370,0,0,2,8191,8191,0,0,0,0,1,0,31,7,3,0,15,254,15
552051,2025-01-31 01:52:22.716559,0.508,8,76.800536,0.508,1,0xcaf00370,0,0,2,8191,8191,0,0,0,0,1,0,31,7,3,0,15,254,15
553638,2025-01-31 01:52:22.765344,48.785000000000004,8,76.849321,48.785,7,0xcaf00370,0,0,2,8191,8191,1,0,0,0,1,0,31,7,3,0,15,254,15
553652,2025-01-31 01:52:22.766165,0.821,8,76.850142,0.821,1,0xcaf00370,0,0,2,8191,8191,1,0,0,0,1,0,31,7,3,0,15,254,15
555880,2025-01-31 01:52:22.836178,70.013,8,76.920155,70.013,7,0xcaf00370,0,0,2,8191,8191,2,0,0,0,1,0,31,7,3,0,15,254,15
555885,2025-01-31 01:52:22.836514,0.33599999999999997,8,76.920491,0.336,1,0xcaf00370,0,0,2,8191,8191,2,0,0,0,1,0,31,7,3,0,15,254,15
557569,2025-01-31 01:52:22.885951,49.437000000000005,8,76.969928,49.437,7,0xcaf00370,0,0,2,8191,8191,3,0,0,0,1,0,31,7,3,0,15,254,15
557577,2025-01-31 01:52:22.886245,0.294,8,76.970222,0.294,1,0xcaf00370,0,0,2,8191,8191,3,0,0,0,1,0,31,7,3,0,15,254,15
559495,2025-01-31 01:52:22.946279,60.034,8,77.030256,60.034,7,0xcaf00370,0,0,2,8191,8191,0,0,0,0,1,0,31,7,3,0,15,254,15
559499,2025-01-31 01:52:22.946525,0.24600000000000002,8,77.030502,0.246,1,0xcaf00370,0,0,2,8191,8191,0,0,0,0,1,0,31,7,3,0,15,254,15
561180,2025-01-31 01:52:22.996237,49.711999999999996,8,77.080214,49.712,7,0xcaf00370,0,0,2,8191,8191,1,0,0,0,1,0,31,7,3,0,15,254,15
561181,2025-01-31 01:52:22.996443,0.206,8,77.08042,0.206,1,0xcaf00370,0,0,2,8191,8191,1,0,0,0,1,0,31,7,3,0,15,254,15
563099,2025-01-31 01:52:23.056333,59.89,8,77.14031,59.89,7,0xcaf00370,0,0,2,8191,8191,2,0,0,0,1,0,31,7,3,0,15,254,15
563105,2025-01-31 01:52:23.056491,0.158,8,77.140468,0.158,1,0xcaf00370,0,0,2,8191,8191,2,0,0,0,1,0,31,7,3,0,15,254,15
564743,2025-01-31 01:52:23.105846,49.355000000000004,8,77.189823,49.355,7,0xcaf00370,0,0,2,8191,8191,3,0,0,0,1,0,31,7,3,0,15,254,15
564745,2025-01-31 01:52:23.105964,0.118,8,77.189941,0.118,1,0xcaf00370,0,0,2,8191,8191,3,0,0,0,1,0,31,7,3,0,15,254,15
566676,2025-01-31 01:52:23.167585,61.621,8,77.251562,61.621,7,0xcaf00370,0,0,2,8191,8191,0,0,0,0,1,0,31,7,3,0,15,254,15
566678,2025-01-31 01:52:23.167655,0.06999999999999999,8,77.251632,0.07,1,0xcaf00370,0,0,2,8191,8191,0,0,0,0,1,0,31,7,3,0,15,254,15
568308,2025-01-31 01:52:23.216467,48.812000000000005,8,77.300444,48.812,7,0xcaf00370,0,0,2,8191,8191,1,0,0,0,1,0,31,7,3,0,15,254,15
568311,2025-01-31 01:52:23.216503,0.036000000000000004,8,77.30048,0.036,1,0xcaf00370,0,0,2,8191,8191,1,0,0,0,1,0,31,7,3,0,15,254,15
570247,2025-01-31 01:52:23.276686,60.183,8,77.360663,60.183,7,0xcaf00370,0,0,2,8191,8191,2,0,0,0,1,0,31,7,3,0,15,254,15
570248,2025-01-31 01:52:23.276728,0.041999999999999996,8,77.360705,0.042,1,0xcaf00370,0,0,2,8191,8191,2,0,0,0,1,0,31,7,3,0,15,254,15
571853,2025-01-31 01:52:23.325875,49.147000000000006,8,77.409852,49.147,7,0xcaf00370,0,0,2,8191,8191,3,0,0,0,1,0,31,7,3,0,15,254,15
571854,2025-01-31 01:52:23.325924,0.049,8,77.409901,0.049,1,0xcaf00370,0,0,2,8191,8191,3,0,0,0,1,0,31,7,3,0,15,254,15
571855,2025-01-31 01:52:23.325924,0.0,8,77.409901,0.0,1,0xcaf00370,0,0,2,8191,8191,3,0,0,0,1,0,31,7,3,0,15,254,15
573577,2025-01-31 01:52:23.376978,51.054,8,77.460955,51.054,7,0xcaf00370,0,0,2,8191,8191,0,0,0,0,1,0,31,7,3,0,15,254,15
573579,2025-01-31 01:52:23.377031,0.053,8,77.461007,0.052,1,0xcaf00370,0,0,2,8191,8191,0,0,0,0,1,0,31,7,3,0,15,254,15
575189,2025-01-31 01:52:23.426023,48.992,8,77.509999,48.992,7,0xcaf00370,0,0,2,8191,8191,1,0,0,0,1,0,31,7,3,0,15,254,15
575190,2025-01-31 01:52:23.426081,0.058,8,77.510058,0.059,1,0xcaf00370,0,0,2,8191,8191,1,0,0,0,1,0,31,7,3,0,15,254,15
577148,2025-01-31 01:52:23.486150,60.068999999999996,8,77.570127,60.069,7,0xcaf00370,0,0,2,8191,8191,2,0,0,0,1,0,31,7,3,0,15,254,15
577149,2025-01-31 01:52:23.486213,0.063,8,77.57019,0.063,1,0xcaf00370,0,0,2,8191,8191,2,0,0,0,1,0,31,7,3,0,15,254,15
578715,2025-01-31 01:52:23.536539,50.326,8,77.620516,50.326,7,0xcaf00370,0,0,2,8191,8191,3,0,0,0,1,0,31,7,3,0,15,254,15
578718,2025-01-31 01:52:23.536608,0.06899999999999999,8,77.620585,0.069,1,0xcaf00370,0,0,2,8191,8191,3,0,0,0,1,0,31,7,3,0,15,254,15
580403,2025-01-31 01:52:23.586490,49.882000000000005,8,77.670467,49.882,7,0xcaf00370,0,0,2,8191,8191,0,0,0,0,1,0,31,7,3,0,15,254,15
580406,2025-01-31 01:52:23.586564,0.074,8,77.670541,0.074,1,0xcaf00370,0,0,2,8191,8191,0,0,0,0,1,0,31,7,3,0,15,254,15
582017,2025-01-31 01:52:23.636972,50.408,8,77.720949,50.408,7,0xcaf00370,0,0,2,8191,8191,1,0,0,0,1,0,31,7,3,0,15,254,15
582018,2025-01-31 01:52:23.637053,0.081,8,77.72103,0.081,1,0xcaf00370,0,0,2,8191,8191,1,0,0,0,1,0,31,7,3,0,15,254,15
584338,2025-01-31 01:52:23.705919,68.866,8,77.789895,68.865,7,0xcaf00370,0,0,2,8191,8191,2,0,0,0,1,0,31,7,3,0,15,254,15
584339,2025-01-31 01:52:23.706005,0.08600000000000001,8,77.789982,0.087,1,0xcaf00370,0,0,2,8191,8191,2,0,0,0,1,0,31,7,3,0,15,254,15
585919,2025-01-31 01:52:23.756906,50.901,8,77.840882,50.9,7,0xcaf00370,0,0,2,8191,8191,3,0,0,0,1,0,31,7,3,0,15,254,15
585925,2025-01-31 01:52:23.757041,0.135,8,77.841018,0.136,1,0xcaf00370,0,0,2,8191,8191,3,0,0,0,1,0,31,7,3,0,15,254,15
587911,2025-01-31 01:52:23.816560,59.519000000000005,8,77.900537,59.519,7,0xcaf00370,0,0,2,8191,8191,0,0,0,0,1,0,31,7,3,0,15,254,15
587914,2025-01-31 01:52:23.816656,0.096,8,77.900633,0.096,1,0xcaf00370,0,0,2,8191,8191,0,0,0,0,1,0,31,7,3,0,15,254,15
589541,2025-01-31 01:52:23.866153,49.497,8,77.95013,49.497,7,0xcaf00370,0,0,2,8191,8191,1,0,0,0,1,0,31,7,3,0,15,254,15
589544,2025-01-31 01:52:23.866255,0.102,8,77.950232,0.102,1,0xcaf00370,0,0,2,8191,8191,1,0,0,0,1,0,31,7,3,0,15,254,15
591461,2025-01-31 01:52:23.925764,59.509,8,78.009741,59.509,7,0xcaf00370,0,0,2,8191,8191,2,0,0,0,1,0,31,7,3,0,15,254,15
591462,2025-01-31 01:52:23.925872,0.108,8,78.009849,0.108,1,0xcaf00370,0,0,2,8191,8191,2,0,0,0,1,0,31,7,3,0,15,254,15
593079,2025-01-31 01:52:23.975656,49.784,8,78.059633,49.784,1,0xcaf00370,0,0,2,8191,8191,3,0,0,0,1,0,31,7,3,0,15,254,15
593084,2025-01-31 01:52:23.975754,0.098,8,78.059731,0.098,7,0xcaf00370,0,0,2,8191,8191,3,0,0,0,1,0,31,7,3,0,15,254,15
594986,2025-01-31 01:52:24.035677,59.922999999999995,8,78.119654,59.923,1,0xcaf00370,0,0,2,8191,8191,0,0,0,0,1,0,31,7,3,0,15,254,15
594989,2025-01-31 01:52:24.035753,0.076,8,78.11973,0.076,7,0xcaf00370,0,0,2,8191,8191,0,0,0,0,1,0,31,7,3,0,15,254,15
596668,2025-01-31 01:52:24.086187,50.434,8,78.170164,50.434,1,0xcaf00370,0,0,2,8191,8191,1,0,0,0,1,0,31,7,3,0,15,254,15
596669,2025-01-31 01:52:24.086210,0.023,8,78.170187,0.023,7,0xcaf00370,0,0,2,8191,8191,1,0,0,0,1,0,31,7,3,0,15,254,15
598536,2025-01-31 01:52:24.145612,59.402,8,78.229589,59.402,7,0xcaf00370,0,0,2,8191,8191,2,0,0,0,1,0,31,7,3,0,15,254,15
598544,2025-01-31 01:52:24.145732,0.12000000000000001,8,78.229709,0.12,1,0xcaf00370,0,0,2,8191,8191,2,0,0,0,1,0,31,7,3,0,15,254,15
600256,2025-01-31 01:52:24.196473,50.741,8,78.28045,50.741,7,0xcaf00370,0,0,2,8191,8191,3,0,0,0,1,0,31,7,3,0,15,254,15
600258,2025-01-31 01:52:24.196589,0.116,8,78.280566,0.116,1,0xcaf00370,0,0,2,8191,8191,3,0,0,0,1,0,31,7,3,0,15,254,15
602137,2025-01-31 01:52:24.256884,60.295,8,78.340861,60.295,7,0xcaf00370,0,0,2,8191,8191,0,0,0,0,1,0,31,7,3,0,15,254,15
602150,2025-01-31 01:52:24.257135,0.251,8,78.341112,0.251,1,0xcaf00370,0,0,2,8191,8191,0,0,0,0,1,0,31,7,3,0,15,254,15
603807,2025-01-31 01:52:24.305827,48.692,8,78.389804,48.692,7,0xcaf00370,0,0,2,8191,8191,1,0,0,0,1,0,31,7,3,0,15,254,15
603812,2025-01-31 01:52:24.305944,0.11699999999999999,8,78.389921,0.117,1,0xcaf00370,0,0,2,8191,8191,1,0,0,0,1,0,31,7,3,0,15,254,15
605406,2025-01-31 01:52:24.357302,51.358000000000004,8,78.441279,51.358,7,0xcaf00370,0,0,2,8191,8191,2,0,0,0,1,0,31,7,3,0,15,254,15
605411,2025-01-31 01:52:24.357448,0.146,8,78.441425,0.146,1,0xcaf00370,0,0,2,8191,8191,2,0,0,0,1,0,31,7,3,0,15,254,15
607198,2025-01-31 01:52:24.405877,48.429,8,78.489854,48.429,7,0xcaf00370,0,0,2,8191,8191,3,0,0,0,1,0,31,7,3,0,15,254,15
607200,2025-01-31 01:52:24.405994,0.11699999999999999,8,78.489971,0.117,1,0xcaf00370,0,0,2,8191,8191,3,0,0,0,1,0,31,7,3,0,15,254,15
609103,2025-01-31 01:52:24.465826,59.832,8,78.549803,59.832,7,0xcaf00370,0,0,2,8191,8191,0,0,0,0,1,0,31,7,3,0,15,254,15
609110,2025-01-31 01:52:24.466346,0.5199999999999999,8,78.550323,0.52,1,0xcaf00370,0,0,2,8191,8191,0,0,0,0,1,0,31,7,3,0,15,254,15
610733,2025-01-31 01:52:24.516420,50.074,8,78.600397,50.074,7,0xcaf00370,0,0,2,8191,8191,1,0,0,0,1,0,31,7,3,0,15,254,15
610740,2025-01-31 01:52:24.516639,0.219,8,78.600616,0.219,1,0xcaf00370,0,0,2,8191,8191,1,0,0,0,1,0,31,7,3,0,15,254,15
612649,2025-01-31 01:52:24.576242,59.603,8,78.660219,59.603,7,0xcaf00370,0,0,2,8191,8191,2,0,0,0,1,0,31,7,3,0,15,254,15
612655,2025-01-31 01:52:24.576450,0.208,8,78.660427,0.208,1,0xcaf00370,0,0,2,8191,8191,2,0,0,0,1,0,31,7,3,0,15,254,15
614279,2025-01-31 01:52:24.625552,49.102,8,78.709529,49.102,7,0xcaf00370,0,0,2,8191,8191,3,0,0,0,1,0,31,7,3,0,15,254,15
614287,2025-01-31 01:52:24.625817,0.265,8,78.709794,0.265,1,0xcaf00370,0,0,2,8191,8191,3,0,0,0,1,0,31,7,3,0,15,254,15
616281,2025-01-31 01:52:24.686074,60.257,8,78.77005,60.256,1,0xcaf00370,0,0,2,8191,8191,0,0,0,0,1,0,31,7,3,0,15,254,15
616291,2025-01-31 01:52:24.686194,0.12000000000000001,8,78.770171,0.121,7,0xcaf00370,0,0,2,8191,8191,0,0,0,0,1,0,31,7,3,0,15,254,15
617881,2025-01-31 01:52:24.736558,50.364,8,78.820535,50.364,7,0xcaf00370,0,0,2,8191,8191,1,0,0,0,1,0,31,7,3,0,15,254,15
617884,2025-01-31 01:52:24.736733,0.175,8,78.82071,0.175,1,0xcaf00370,0,0,2,8191,8191,1,0,0,0,1,0,31,7,3,0,15,254,15
620157,2025-01-31 01:52:24.805908,69.175,8,78.889885,69.175,7,0xcaf00370,0,0,2,8191,8191,2,0,0,0,1,0,31,7,3,0,15,254,15
620163,2025-01-31 01:52:24.806046,0.13799999999999998,8,78.890023,0.138,1,0xcaf00370,0,0,2,8191,8191,2,0,0,0,1,0,31,7,3,0,15,254,15
621765,2025-01-31 01:52:24.856769,50.723,8,78.940745,50.722,7,0xcaf00370,0,0,2,8191,8191,3,0,0,0,1,0,31,7,3,0,15,254,15
621795,2025-01-31 01:52:24.857488,0.719,8,78.941465,0.72,1,0xcaf00370,0,0,2,8191,8191,3,0,0,0,1,0,31,7,3,0,15,254,15
623752,2025-01-31 01:52:24.916367,58.879,8,79.000344,58.879,7,0xcaf00370,0,0,2,8191,8191,0,0,0,0,1,0,31,7,3,0,15,254,15
623768,2025-01-31 01:52:24.916943,0.5760000000000001,8,79.00092,0.576,1,0xcaf00370,0,0,2,8191,8191,0,0,0,0,1,0,31,7,3,0,15,254,15
625329,2025-01-31 01:52:24.966038,49.095,8,79.050015,49.095,7,0xcaf00370,0,0,2,8191,8191,1,0,0,0,1,0,31,7,3,0,15,254,15
625345,2025-01-31 01:52:24.966801,0.763,8,79.050778,0.763,1,0xcaf00370,0,0,2,8191,8191,1,0,0,0,1,0,31,7,3,0,15,254,15
627272,2025-01-31 01:52:25.025731,58.93,8,79.109708,58.93,7,0xcaf00370,0,0,2,8191,8191,2,0,0,0,1,0,31,7,3,0,15,254,15
627274,2025-01-31 01:52:25.025849,0.118,8,79.109826,0.118,1,0xcaf00370,0,0,2,8191,8191,2,0,0,0,1,0,31,7,3,0,15,254,15
628897,2025-01-31 01:52:25.076060,50.211,8,79.160037,50.211,7,0xcaf00370,0,0,2,8191,8191,3,0,0,0,1,0,31,7,3,0,15,254,15
628899,2025-01-31 01:52:25.076168,0.108,8,79.160145,0.108,1,0xcaf00370,0,0,2,8191,8191,3,0,0,0,1,0,31,7,3,0,15,254,15
630842,2025-01-31 01:52:25.136227,60.059000000000005,8,79.220204,60.059,7,0xcaf00370,0,0,2,8191,8191,0,0,0,0,1,0,31,7,3,0,15,254,15
630845,2025-01-31 01:52:25.136275,0.048,8,79.220252,0.048,1,0xcaf00370,0,0,2,8191,8191,0,0,0,0,1,0,31,7,3,0,15,254,15
632640,2025-01-31 01:52:25.188789,52.513999999999996,8,79.272766,52.514,7,0xcaf00370,0,0,2,8191,8191,1,0,0,0,1,0,31,7,3,0,15,254,15
632645,2025-01-31 01:52:25.188899,0.11,8,79.272876,0.11,1,0xcaf00370,0,0,2,8191,8191,1,0,0,0,1,0,31,7,3,0,15,254,15
634458,2025-01-31 01:52:25.246105,57.206,8,79.330082,57.206,1,0xcaf00370,0,0,2,8191,8191,2,0,0,0,1,0,31,7,3,0,15,254,15
634467,2025-01-31 01:52:25.246351,0.24600000000000002,8,79.330328,0.246,7,0xcaf00370,0,0,2,8191,8191,2,0,0,0,1,0,31,7,3,0,15,254,15
636194,2025-01-31 01:52:25.296424,50.073,8,79.380401,50.073,7,0xcaf00370,0,0,2,8191,8191,3,0,0,0,1,0,31,7,3,0,15,254,15
636206,2025-01-31 01:52:25.296704,0.27999999999999997,8,79.380681,0.28,1,0xcaf00370,0,0,2,8191,8191,3,0,0,0,1,0,31,7,3,0,15,254,15
638056,2025-01-31 01:52:25.356217,59.513000000000005,8,79.440194,59.513,7,0xcaf00370,0,0,2,8191,8191,0,0,0,0,1,0,31,7,3,0,15,254,15
638061,2025-01-31 01:52:25.356378,0.161,8,79.440355,0.161,1,0xcaf00370,0,0,2,8191,8191,0,0,0,0,1,0,31,7,3,0,15,254,15
639824,2025-01-31 01:52:25.406371,49.993,8,79.490348,49.993,7,0xcaf00370,0,0,2,8191,8191,1,0,0,0,1,0,31,7,3,0,15,254,15
639825,2025-01-31 01:52:25.406459,0.088,8,79.490436,0.088,1,0xcaf00370,0,0,2,8191,8191,1,0,0,0,1,0,31,7,3,0,15,254,15
641734,2025-01-31 01:52:25.466156,59.697,8,79.550134,59.698,7,0xcaf00370,0,0,2,8191,8191,2,0,0,0,1,0,31,7,3,0,15,254,15
641739,2025-01-31 01:52:25.466409,0.253,8,79.550386,0.252,1,0xcaf00370,0,0,2,8191,8191,2,0,0,0,1,0,31,7,3,0,15,254,15
643351,2025-01-31 01:52:25.516414,50.005,8,79.600391,50.005,1,0xcaf00370,0,0,2,8191,8191,3,0,0,0,1,0,31,7,3,0,15,254,15
643356,2025-01-31 01:52:25.516532,0.118,8,79.600509,0.118,7,0xcaf00370,0,0,2,8191,8191,3,0,0,0,1,0,31,7,3,0,15,254,15
645628,2025-01-31 01:52:25.586119,69.58699999999999,8,79.670096,69.587,7,0xcaf00370,0,0,2,8191,8191,0,0,0,0,1,0,31,7,3,0,15,254,15
645633,2025-01-31 01:52:25.586207,0.088,8,79.670184,0.088,1,0xcaf00370,0,0,2,8191,8191,0,0,0,0,1,0,31,7,3,0,15,254,15
647252,2025-01-31 01:52:25.636024,49.817,8,79.720001,49.817,7,0xcaf00370,0,0,2,8191,8191,1,0,0,0,1,0,31,7,3,0,15,254,15
647259,2025-01-31 01:52:25.636248,0.224,8,79.720225,0.224,1,0xcaf00370,0,0,2,8191,8191,1,0,0,0,1,0,31,7,3,0,15,254,15
649277,2025-01-31 01:52:25.696499,60.251,8,79.780476,60.251,1,0xcaf00370,0,0,2,8191,8191,2,0,0,0,1,0,31,7,3,0,15,254,15
649286,2025-01-31 01:52:25.696714,0.215,8,79.780691,0.215,7,0xcaf00370,0,0,2,8191,8191,2,0,0,0,1,0,31,7,3,0,15,254,15
650832,2025-01-31 01:52:25.746734,50.02,8,79.830711,50.02,1,0xcaf00370,0,0,2,8191,8191,3,0,0,0,1,0,31,7,3,0,15,254,15
650834,2025-01-31 01:52:25.746805,0.07100000000000001,8,79.830782,0.071,7,0xcaf00370,0,0,2,8191,8191,3,0,0,0,1,0,31,7,3,0,15,254,15
652813,2025-01-31 01:52:25.806333,59.528,8,79.89031,59.528,7,0xcaf00370,0,0,2,8191,8191,0,0,0,0,1,0,31,7,3,0,15,254,15
652817,2025-01-31 01:52:25.806411,0.078,8,79.890388,0.078,1,0xcaf00370,0,0,2,8191,8191,0,0,0,0,1,0,31,7,3,0,15,254,15
654406,2025-01-31 01:52:25.856851,50.44,8,79.940828,50.44,7,0xcaf00370,0,0,2,8191,8191,1,0,0,0,1,0,31,7,3,0,15,254,15
654414,2025-01-31 01:52:25.856974,0.12300000000000001,8,79.940951,0.123,1,0xcaf00370,0,0,2,8191,8191,1,0,0,0,1,0,31,7,3,0,15,254,15
656403,2025-01-31 01:52:25.916354,59.38,8,80.000331,59.38,7,0xcaf00370,0,0,2,8191,8191,2,0,0,0,1,0,31,7,3,0,15,254,15
656409,2025-01-31 01:52:25.916559,0.205,8,80.000535,0.204,1,0xcaf00370,0,0,2,8191,8191,2,0,0,0,1,0,31,7,3,0,15,254,15
658028,2025-01-31 01:52:25.965995,49.436,8,80.049972,49.437,7,0xcaf00370,0,0,2,8191,8191,3,0,0,0,1,0,31,7,3,0,15,254,15
658037,2025-01-31 01:52:25.966302,0.307,8,80.050279,0.307,1,0xcaf00370,0,0,2,8191,8191,3,0,0,0,1,0,31,7,3,0,15,254,15
659987,2025-01-31 01:52:26.026113,59.811,8,80.11009,59.811,7,0xcaf00370,0,0,2,8191,8191,0,0,0,0,1,0,31,7,3,0,15,254,15
659990,2025-01-31 01:52:26.026181,0.068,8,80.110157,0.067,1,0xcaf00370,0,0,2,8191,8191,0,0,0,0,1,0,31,7,3,0,15,254,15
661591,2025-01-31 01:52:26.076157,49.976,8,80.160133,49.976,7,0xcaf00370,0,0,2,8191,8191,1,0,0,0,1,0,31,7,3,0,15,254,15
661595,2025-01-31 01:52:26.076221,0.064,8,80.160198,0.065,1,0xcaf00370,0,0,2,8191,8191,1,0,0,0,1,0,31,7,3,0,15,254,15
663846,2025-01-31 01:52:26.145946,69.725,8,80.229923,69.725,7,0xcaf00370,0,0,2,8191,8191,2,0,0,0,1,0,31,7,3,0,15,254,15
663848,2025-01-31 01:52:26.146020,0.074,8,80.229997,0.074,1,0xcaf00370,0,0,2,8191,8191,2,0,0,0,1,0,31,7,3,0,15,254,15
665588,2025-01-31 01:52:26.198167,52.147,8,80.282144,52.147,7,0xcaf00370,0,0,2,8191,8191,3,0,0,0,1,0,31,7,3,0,15,254,15
665604,2025-01-31 01:52:26.198754,0.587,8,80.282731,0.587,1,0xcaf00370,0,0,2,8191,8191,3,0,0,0,1,0,31,7,3,0,15,254,15
667418,2025-01-31 01:52:26.256158,57.403999999999996,8,80.340135,57.404,7,0xcaf00370,0,0,2,8191,8191,0,0,0,0,1,0,31,7,3,0,15,254,15
667423,2025-01-31 01:52:26.256239,0.081,8,80.340216,0.081,1,0xcaf00370,0,0,2,8191,8191,0,0,0,0,1,0,31,7,3,0,15,254,15
669101,2025-01-31 01:52:26.305772,49.533,8,80.389749,49.533,7,0xcaf00370,0,0,2,8191,8191,1,0,0,0,1,0,31,7,3,0,15,254,15
669104,2025-01-31 01:52:26.305850,0.078,8,80.389827,0.078,1,0xcaf00370,0,0,2,8191,8191,1,0,0,0,1,0,31,7,3,0,15,254,15
670692,2025-01-31 01:52:26.356637,50.787,8,80.440615,50.788,7,0xcaf00370,0,0,2,8191,8191,2,0,0,0,1,0,31,7,3,0,15,254,15
670694,2025-01-31 01:52:26.356711,0.074,8,80.440688,0.073,1,0xcaf00370,0,0,2,8191,8191,2,0,0,0,1,0,31,7,3,0,15,254,15
672429,2025-01-31 01:52:26.406086,49.375,8,80.490063,49.375,7,0xcaf00370,0,0,2,8191,8191,3,0,0,0,1,0,31,7,3,0,15,254,15
672431,2025-01-31 01:52:26.406156,0.06999999999999999,8,80.490133,0.07,1,0xcaf00370,0,0,2,8191,8191,3,0,0,0,1,0,31,7,3,0,15,254,15
674338,2025-01-31 01:52:26.465922,59.766,8,80.549899,59.766,7,0xcaf00370,0,0,2,8191,8191,0,0,0,0,1,0,31,7,3,0,15,254,15
674343,2025-01-31 01:52:26.466114,0.192,8,80.550091,0.192,1,0xcaf00370,0,0,2,8191,8191,0,0,0,0,1,0,31,7,3,0,15,254,15
675951,2025-01-31 01:52:26.516324,50.21,8,80.600301,50.21,7,0xcaf00370,0,0,2,8191,8191,1,0,0,0,1,0,31,7,3,0,15,254,15
675953,2025-01-31 01:52:26.516390,0.066,8,80.600366,0.065,1,0xcaf00370,0,0,2,8191,8191,1,0,0,0,1,0,31,7,3,0,15,254,15
677880,2025-01-31 01:52:26.576197,59.807,8,80.660174,59.808,7,0xcaf00370,0,0,2,8191,8191,2,0,0,0,1,0,31,7,3,0,15,254,15
677883,2025-01-31 01:52:26.576259,0.062,8,80.660236,0.062,1,0xcaf00370,0,0,2,8191,8191,2,0,0,0,1,0,31,7,3,0,15,254,15
679514,2025-01-31 01:52:26.625699,49.44,8,80.709676,49.44,7,0xcaf00370,0,0,2,8191,8191,3,0,0,0,1,0,31,7,3,0,15,254,15
679516,2025-01-31 01:52:26.625758,0.059,8,80.709735,0.059,1,0xcaf00370,0,0,2,8191,8191,3,0,0,0,1,0,31,7,3,0,15,254,15
681499,2025-01-31 01:52:26.686265,60.507,8,80.770242,60.507,7,0xcaf00370,0,0,2,8191,8191,0,0,0,0,1,0,31,7,3,0,15,254,15
681501,2025-01-31 01:52:26.686319,0.054,8,80.770296,0.054,1,0xcaf00370,0,0,2,8191,8191,0,0,0,0,1,0,31,7,3,0,15,254,15
683092,2025-01-31 01:52:26.736257,49.938,8,80.820234,49.938,7,0xcaf00370,0,0,2,8191,8191,1,0,0,0,1,0,31,7,3,0,15,254,15
683094,2025-01-31 01:52:26.736325,0.068,8,80.820302,0.068,1,0xcaf00370,0,0,2,8191,8191,1,0,0,0,1,0,31,7,3,0,15,254,15
685073,2025-01-31 01:52:26.796020,59.695,8,80.879997,59.695,7,0xcaf00370,0,0,2,8191,8191,2,0,0,0,1,0,31,7,3,0,15,254,15
685075,2025-01-31 01:52:26.796070,0.05,8,80.880047,0.05,1,0xcaf00370,0,0,2,8191,8191,2,0,0,0,1,0,31,7,3,0,15,254,15
686619,2025-01-31 01:52:26.846004,49.934,8,80.929981,49.934,7,0xcaf00370,0,0,2,8191,8191,3,0,0,0,1,0,31,7,3,0,15,254,15
686621,2025-01-31 01:52:26.846051,0.047,8,80.930028,0.047,1,0xcaf00370,0,0,2,8191,8191,3,0,0,0,1,0,31,7,3,0,15,254,15
688677,2025-01-31 01:52:26.906249,60.198,8,80.990226,60.198,7,0xcaf00370,0,0,2,8191,8191,0,0,0,0,1,0,31,7,3,0,15,254,15
688678,2025-01-31 01:52:26.906293,0.044,8,80.99027,0.044,1,0xcaf00370,0,0,2,8191,8191,0,0,0,0,1,0,31,7,3,0,15,254,15
690255,2025-01-31 01:52:26.956954,50.660999999999994,8,81.040931,50.661,7,0xcaf00370,0,0,2,8191,8191,1,0,0,0,1,0,31,7,3,0,15,254,15
690256,2025-01-31 01:52:26.956994,0.04,8,81.040971,0.04,1,0xcaf00370,0,0,2,8191,8191,1,0,0,0,1,0,31,7,3,0,15,254,15
692203,2025-01-31 01:52:27.016596,59.602000000000004,8,81.100573,59.602,7,0xcaf00370,0,0,2,8191,8191,2,0,0,0,1,0,31,7,3,0,15,254,15
692205,2025-01-31 01:52:27.016632,0.036000000000000004,8,81.100609,0.036,1,0xcaf00370,0,0,2,8191,8191,2,0,0,0,1,0,31,7,3,0,15,254,15
693812,2025-01-31 01:52:27.065833,49.201,8,81.14981,49.201,7,0xcaf00370,0,0,2,8191,8191,3,0,0,0,1,0,31,7,3,0,15,254,15
693822,2025-01-31 01:52:27.066190,0.357,8,81.150168,0.358,1,0xcaf00370,0,0,2,8191,8191,3,0,0,0,1,0,31,7,3,0,15,254,15
695728,2025-01-31 01:52:27.125793,59.603,8,81.20977,59.602,7,0xcaf00370,0,0,2,8191,8191,0,0,0,0,1,0,31,7,3,0,15,254,15
695730,2025-01-31 01:52:27.125820,0.027,8,81.209797,0.027,1,0xcaf00370,0,0,2,8191,8191,0,0,0,0,1,0,31,7,3,0,15,254,15
697374,2025-01-31 01:52:27.176351,50.531,8,81.260327,50.53,7,0xcaf00370,0,0,2,8191,8191,1,0,0,0,1,0,31,7,3,0,15,254,15
697378,2025-01-31 01:52:27.176503,0.152,8,81.26048,0.153,1,0xcaf00370,0,0,2,8191,8191,1,0,0,0,1,0,31,7,3,0,15,254,15
699005,2025-01-31 01:52:27.226142,49.639,8,81.310119,49.639,7,0xcaf00370,0,0,2,8191,8191,2,0,0,0,1,0,31,7,3,0,15,254,15
699006,2025-01-31 01:52:27.226157,0.015000000000000001,8,81.310134,0.015,1,0xcaf00370,0,0,2,8191,8191,2,0,0,0,1,0,31,7,3,0,15,254,15
700647,2025-01-31 01:52:27.276543,50.386,8,81.36052,50.386,7,0xcaf00370,0,0,2,8191,8191,3,0,0,0,1,0,31,7,3,0,15,254,15
700648,2025-01-31 01:52:27.276566,0.023,8,81.360543,0.023,1,0xcaf00370,0,0,2,8191,8191,3,0,0,0,1,0,31,7,3,0,15,254,15
703235,2025-01-31 01:52:27.356412,79.846,8,81.440389,79.846,7,0xcaf00370,0,0,2,8191,8191,0,0,0,0,1,0,31,7,3,0,15,254,15
703236,2025-01-31 01:52:27.356413,0.001,8,81.44039,0.001,1,0xcaf00370,0,0,2,8191,8191,0,0,0,0,1,0,31,7,3,0,15,254,15
705037,2025-01-31 01:52:27.406203,49.79,8,81.49018,49.79,1,0xcaf00370,0,0,2,8191,8191,1,0,0,0,1,0,31,7,3,0,15,254,15
705039,2025-01-31 01:52:27.406208,0.005,8,81.490185,0.005,7,0xcaf00370,0,0,2,8191,8191,1,0,0,0,1,0,31,7,3,0,15,254,15
706663,2025-01-31 01:52:27.456740,50.532000000000004,8,81.540717,50.532,1,0xcaf00370,0,0,2,8191,8191,2,0,0,0,1,0,31,7,3,0,15,254,15
706664,2025-01-31 01:52:27.456751,0.011,8,81.540728,0.011,7,0xcaf00370,0,0,2,8191,8191,2,0,0,0,1,0,31,7,3,0,15,254,15
708275,2025-01-31 01:52:27.505927,49.175999999999995,8,81.589904,49.176,1,0xcaf00370,0,0,2,8191,8191,3,0,0,0,1,0,31,7,3,0,15,254,15
708276,2025-01-31 01:52:27.505943,0.016,8,81.58992,0.016,7,0xcaf00370,0,0,2,8191,8191,3,0,0,0,1,0,31,7,3,0,15,254,15
710528,2025-01-31 01:52:27.576088,70.145,8,81.660065,70.145,1,0xcaf00370,0,0,2,8191,8191,0,0,0,0,1,0,31,7,3,0,15,254,15
710530,2025-01-31 01:52:27.576112,0.024,8,81.660089,0.024,7,0xcaf00370,0,0,2,8191,8191,0,0,0,0,1,0,31,7,3,0,15,254,15
712181,2025-01-31 01:52:27.625778,49.666000000000004,8,81.709755,49.666,1,0xcaf00370,0,0,2,8191,8191,1,0,0,0,1,0,31,7,3,0,15,254,15
712183,2025-01-31 01:52:27.625807,0.029,8,81.709784,0.029,7,0xcaf00370,0,0,2,8191,8191,1,0,0,0,1,0,31,7,3,0,15,254,15
713863,2025-01-31 01:52:27.676885,51.077999999999996,8,81.760862,51.078,1,0xcaf00370,0,0,2,8191,8191,2,0,0,0,1,0,31,7,3,0,15,254,15
713864,2025-01-31 01:52:27.676919,0.034,8,81.760896,0.034,7,0xcaf00370,0,0,2,8191,8191,2,0,0,0,1,0,31,7,3,0,15,254,15
715429,2025-01-31 01:52:27.725629,48.71,8,81.809606,48.71,1,0xcaf00370,0,0,2,8191,8191,3,0,0,0,1,0,31,7,3,0,15,254,15
715430,2025-01-31 01:52:27.725671,0.041999999999999996,8,81.809648,0.042,7,0xcaf00370,0,0,2,8191,8191,3,0,0,0,1,0,31,7,3,0,15,254,15
717442,2025-01-31 01:52:27.786232,60.561,8,81.870209,60.561,1,0xcaf00370,0,0,2,8191,8191,0,0,0,0,1,0,31,7,3,0,15,254,15
717443,2025-01-31 01:52:27.786280,0.048,8,81.870257,0.048,7,0xcaf00370,0,0,2,8191,8191,0,0,0,0,1,0,31,7,3,0,15,254,15
719004,2025-01-31 01:52:27.836002,49.722,8,81.919979,49.722,1,0xcaf00370,0,0,2,8191,8191,1,0,0,0,1,0,31,7,3,0,15,254,15
719005,2025-01-31 01:52:27.836055,0.053,8,81.920032,0.053,7,0xcaf00370,0,0,2,8191,8191,1,0,0,0,1,0,31,7,3,0,15,254,15
721053,2025-01-31 01:52:27.896284,60.229,8,81.980261,60.229,1,0xcaf00370,0,0,2,8191,8191,2,0,0,0,1,0,31,7,3,0,15,254,15
721054,2025-01-31 01:52:27.896346,0.062,8,81.980322,0.061,7,0xcaf00370,0,0,2,8191,8191,2,0,0,0,1,0,31,7,3,0,15,254,15
722621,2025-01-31 01:52:27.946069,49.723000000000006,8,82.030046,49.724,1,0xcaf00370,0,0,2,8191,8191,3,0,0,0,1,0,31,7,3,0,15,254,15
722624,2025-01-31 01:52:27.946135,0.066,8,82.030112,0.066,7,0xcaf00370,0,0,2,8191,8191,3,0,0,0,1,0,31,7,3,0,15,254,15
724577,2025-01-31 01:52:28.006153,60.018,8,82.090129,60.017,1,0xcaf00370,0,0,2,8191,8191,0,0,0,0,1,0,31,7,3,0,15,254,15
724579,2025-01-31 01:52:28.006224,0.07100000000000001,8,82.090201,0.072,7,0xcaf00370,0,0,2,8191,8191,0,0,0,0,1,0,31,7,3,0,15,254,15
726204,2025-01-31 01:52:28.056274,50.05,8,82.140251,50.05,1,0xcaf00370,0,0,2,8191,8191,1,0,0,0,1,0,31,7,3,0,15,254,15
726206,2025-01-31 01:52:28.056352,0.078,8,82.140329,0.078,7,0xcaf00370,0,0,2,8191,8191,1,0,0,0,1,0,31,7,3,0,15,254,15
727832,2025-01-31 01:52:28.106598,50.246,8,82.190575,50.246,1,0xcaf00370,0,0,2,8191,8191,2,0,0,0,1,0,31,7,3,0,15,254,15
727834,2025-01-31 01:52:28.106683,0.085,8,82.19066,0.085,7,0xcaf00370,0,0,2,8191,8191,2,0,0,0,1,0,31,7,3,0,15,254,15
729506,2025-01-31 01:52:28.156795,50.111999999999995,8,82.240772,50.112,1,0xcaf00370,0,0,2,8191,8191,3,0,0,0,1,0,31,7,3,0,15,254,15
729510,2025-01-31 01:52:28.156888,0.093,8,82.240865,0.093,7,0xcaf00370,0,0,2,8191,8191,3,0,0,0,1,0,31,7,3,0,15,254,15
