logIndex,logTime,¦¤logTime[ms],length,timeStamp[s],¦¤timeStamp[ms],seq,ID,msgcnt,¦¤msgcnt,Path Index,Offset,Offset(Adj),Cyclic Counter,Last Stub at Offset,Rerouting Flag,Sub-path Index,Retransmission,Update,Relative Probability,Functional Road Class,Part of Calculated route,Expressway Flag,Form of Way,Turn angle,Number of Lanes in driving direction
86,1970-01-02 09:00:00.156093,0.0,8,0.156093,0.0,1,0xcaf00370,0,0,2,8191,8191,2,0,0,0,1,0,31,7,3,0,15,254,15
195,1970-01-02 09:00:00.205863,49.77,8,0.205862,49.769,1,0xcaf00370,0,0,2,8191,8191,3,0,0,0,1,0,31,7,3,0,15,254,15
281,1970-01-02 09:00:00.256396,50.533,8,0.256395,50.533,1,0xcaf00370,0,0,2,8191,8191,0,0,0,0,1,0,31,7,3,0,15,254,15
434,1970-01-02 09:00:00.305860,49.464,8,0.305859,49.464,1,0xcaf00370,0,0,2,8191,8191,1,0,0,0,1,0,31,7,3,0,15,254,15
657,1970-01-02 09:00:00.375674,69.81400000000001,8,0.375673,69.814,1,0xcaf00370,0,0,2,8191,8191,2,0,0,0,1,0,31,7,3,0,15,254,15
2875,1970-01-02 09:00:00.425702,50.028000000000006,8,0.425701,50.028,1,0xcaf00370,0,0,2,8191,8191,3,0,0,0,1,0,31,7,3,0,15,254,15
2979,1970-01-02 09:00:00.476153,50.451,8,0.476153,50.452,1,0xcaf00370,0,0,2,8191,8191,0,0,0,0,1,0,31,7,3,0,15,254,15
3065,1970-01-02 09:00:00.525572,49.419,8,0.525572,49.419,1,0xcaf00370,0,0,2,8191,8191,1,0,0,0,1,0,31,7,3,0,15,254,15
3174,1970-01-02 09:00:00.585797,60.225,8,0.585797,60.225,1,0xcaf00370,0,0,2,8191,8191,2,0,0,0,1,0,31,7,3,0,15,254,15
3262,1970-01-02 09:00:00.635606,49.809,8,0.635605,49.808,1,0xcaf00370,0,0,2,8191,8191,3,0,0,0,1,0,31,7,3,0,15,254,15
3516,1970-01-02 09:00:00.697623,62.017,8,0.697622,62.017,1,0xcaf00370,0,0,2,8191,8191,0,0,0,0,1,0,31,7,3,0,15,254,15
3598,1970-01-02 09:00:00.745572,47.949,8,0.745572,47.95,1,0xcaf00370,0,0,2,8191,8191,1,0,0,0,1,0,31,7,3,0,15,254,15
3892,1970-01-02 09:00:00.805617,60.045,8,0.805616,60.044,1,0xcaf00370,0,0,2,8191,8191,2,0,0,0,1,0,31,7,3,0,15,254,15
4474,1970-01-02 09:00:00.855615,49.998,8,0.855614,49.998,1,0xcaf00370,0,0,2,8191,8191,3,0,0,0,1,0,31,7,3,0,15,254,15
4476,1970-01-02 09:00:00.855635,0.02,8,0.855635,0.021,7,0xcaf00370,0,0,2,8191,8191,3,0,0,0,1,0,31,7,3,0,15,254,15
5475,1970-01-02 09:00:00.925967,70.33200000000001,8,0.925967,70.332,1,0xcaf00370,0,0,2,8191,8191,0,0,0,0,1,0,31,7,3,0,15,254,15
5476,1970-01-02 09:00:00.925990,0.023,8,0.92599,0.023,7,0xcaf00370,0,0,2,8191,8191,0,0,0,0,1,0,31,7,3,0,15,254,15
6316,1970-01-02 09:00:00.976123,50.132999999999996,8,0.976122,50.132,1,0xcaf00370,0,0,2,8191,8191,1,0,0,0,1,0,31,7,3,0,15,254,15
6317,1970-01-02 09:00:00.976144,0.020999999999999998,8,0.976143,0.021,7,0xcaf00370,0,0,2,8191,8191,1,0,0,0,1,0,31,7,3,0,15,254,15
7393,1970-01-02 09:00:01.045895,69.75099999999999,8,1.045895,69.752,1,0xcaf00370,0,0,2,8191,8191,2,0,0,0,1,0,31,7,3,0,15,254,15
7394,1970-01-02 09:00:01.045915,0.02,8,1.045914,0.019,7,0xcaf00370,0,0,2,8191,8191,2,0,0,0,1,0,31,7,3,0,15,254,15
8298,1970-01-02 09:00:01.096281,50.366,8,1.09628,50.366,1,0xcaf00370,0,0,2,8191,8191,3,0,0,0,1,0,31,7,3,0,15,254,15
8299,1970-01-02 09:00:01.096300,0.019,8,1.0963,0.02,7,0xcaf00370,0,0,2,8191,8191,3,0,0,0,1,0,31,7,3,0,15,254,15
9055,1970-01-02 09:00:01.145905,49.605000000000004,8,1.145905,49.605,7,0xcaf00370,0,0,2,8191,8191,0,0,0,0,1,0,31,7,3,0,15,254,15
9060,1970-01-02 09:00:01.146270,0.365,8,1.14627,0.365,1,0xcaf00370,0,0,2,8191,8191,0,0,0,0,1,0,31,7,3,0,15,254,15
9958,1970-01-02 09:00:01.196013,49.743,8,1.196013,49.743,7,0xcaf00370,0,0,2,8191,8191,1,0,0,0,1,0,31,7,3,0,15,254,15
9967,1970-01-02 09:00:01.196920,0.907,8,1.196919,0.906,1,0xcaf00370,0,0,2,8191,8191,1,0,0,0,1,0,31,7,3,0,15,254,15
10878,1970-01-02 09:00:01.256127,59.207,8,1.256126,59.207,7,0xcaf00370,0,0,2,8191,8191,2,0,0,0,1,0,31,7,3,0,15,254,15
10884,1970-01-02 09:00:01.257683,1.556,8,1.257683,1.557,1,0xcaf00370,0,0,2,8191,8191,2,0,0,0,1,0,31,7,3,0,15,254,15
11785,1970-01-02 09:00:01.306179,48.495999999999995,8,1.306178,48.495,7,0xcaf00370,0,0,2,8191,8191,3,0,0,0,1,0,31,7,3,0,15,254,15
11799,1970-01-02 09:00:01.308277,2.098,8,1.308277,2.099,1,0xcaf00370,0,0,2,8191,8191,3,0,0,0,1,0,31,7,3,0,15,254,15
12721,1970-01-02 09:00:01.366830,58.553000000000004,8,1.366829,58.552,7,0xcaf00370,0,0,2,8191,8191,0,0,0,0,1,0,31,7,3,0,15,254,15
12722,1970-01-02 09:00:01.366830,0.0,8,1.366829,0.0,7,0xcaf00370,0,0,2,8191,8191,0,0,0,0,1,0,31,7,3,0,15,254,15
12765,1970-01-02 09:00:01.369585,2.755,8,1.369584,2.755,1,0xcaf00370,0,0,2,8191,8191,0,0,0,0,1,0,31,7,3,0,15,254,15
13621,1970-01-02 09:00:01.415879,46.294000000000004,8,1.415879,46.295,7,0xcaf00370,0,0,2,8191,8191,1,0,0,0,1,0,31,7,3,0,15,254,15
13654,1970-01-02 09:00:01.419198,3.319,8,1.419198,3.319,1,0xcaf00370,0,0,2,8191,8191,1,0,0,0,1,0,31,7,3,0,15,254,15
14408,1970-01-02 09:00:01.466842,47.644,8,1.466842,47.644,7,0xcaf00370,0,0,2,8191,8191,2,0,0,0,1,0,31,7,3,0,15,254,15
14482,1970-01-02 09:00:01.470679,3.837,8,1.470679,3.837,1,0xcaf00370,0,0,2,8191,8191,2,0,0,0,1,0,31,7,3,0,15,254,15
15311,1970-01-02 09:00:01.516177,45.498,8,1.516177,45.498,7,0xcaf00370,0,0,2,8191,8191,3,0,0,0,1,0,31,7,3,0,15,254,15
15355,1970-01-02 09:00:01.520549,4.372,8,1.520549,4.372,1,0xcaf00370,0,0,2,8191,8191,3,0,0,0,1,0,31,7,3,0,15,254,15
16275,1970-01-02 09:00:01.576644,56.095,8,1.576643,56.094,7,0xcaf00370,0,0,2,8191,8191,0,0,0,0,1,0,31,7,3,0,15,254,15
16345,1970-01-02 09:00:01.581670,5.026,8,1.581669,5.026,1,0xcaf00370,0,0,2,8191,8191,0,0,0,0,1,0,31,7,3,0,15,254,15
17090,1970-01-02 09:00:01.626209,44.539,8,1.626208,44.539,7,0xcaf00370,0,0,2,8191,8191,1,0,0,0,1,0,31,7,3,0,15,254,15
17164,1970-01-02 09:00:01.631768,5.558999999999999,8,1.631768,5.56,1,0xcaf00370,0,0,2,8191,8191,1,0,0,0,1,0,31,7,3,0,15,254,15
18284,1970-01-02 09:00:01.695906,64.138,8,1.695905,64.137,7,0xcaf00370,0,0,2,8191,8191,2,0,0,0,1,0,31,7,3,0,15,254,15
18371,1970-01-02 09:00:01.702221,6.315,8,1.70222,6.315,1,0xcaf00370,0,0,2,8191,8191,2,0,0,0,1,0,31,7,3,0,15,254,15
19033,1970-01-02 09:00:01.745899,43.678000000000004,8,1.745899,43.679,7,0xcaf00370,0,0,2,8191,8191,3,0,0,0,1,0,31,7,3,0,15,254,15
19134,1970-01-02 09:00:01.752813,6.914,8,1.752813,6.914,1,0xcaf00370,0,0,2,8191,8191,3,0,0,0,1,0,31,7,3,0,15,254,15
20103,1970-01-02 09:00:01.805932,53.119,8,1.805931,53.118,7,0xcaf00370,0,0,2,8191,8191,0,0,0,0,1,0,31,7,3,0,15,254,15
20223,1970-01-02 09:00:01.813436,7.5040000000000004,8,1.813436,7.505,1,0xcaf00370,0,0,2,8191,8191,0,0,0,0,1,0,31,7,3,0,15,254,15
20863,1970-01-02 09:00:01.855882,42.446,8,1.855881,42.445,7,0xcaf00370,0,0,2,8191,8191,1,0,0,0,1,0,31,7,3,0,15,254,15
20963,1970-01-02 09:00:01.863913,8.031,8,1.863913,8.032,1,0xcaf00370,0,0,2,8191,8191,1,0,0,0,1,0,31,7,3,0,15,254,15
21750,1970-01-02 09:00:01.906445,42.532000000000004,8,1.906444,42.531,7,0xcaf00370,0,0,2,8191,8191,2,0,0,0,1,0,31,7,3,0,15,254,15
21913,1970-01-02 09:00:01.915008,8.562999999999999,8,1.915007,8.563,1,0xcaf00370,0,0,2,8191,8191,2,0,0,0,1,0,31,7,3,0,15,254,15
22534,1970-01-02 09:00:01.956139,41.131,8,1.956139,41.132,7,0xcaf00370,0,0,2,8191,8191,3,0,0,0,1,0,31,7,3,0,15,254,15
22667,1970-01-02 09:00:01.965224,9.084999999999999,8,1.965224,9.085,1,0xcaf00370,0,0,2,8191,8191,3,0,0,0,1,0,31,7,3,0,15,254,15
23575,1970-01-02 09:00:02.015974,50.75,8,2.015974,50.75,7,0xcaf00370,0,0,2,8191,8191,0,0,0,0,1,0,31,7,3,0,15,254,15
23716,1970-01-02 09:00:02.025689,9.715,8,2.025688,9.714,1,0xcaf00370,0,0,2,8191,8191,0,0,0,0,1,0,31,7,3,0,15,254,15
24309,1970-01-02 09:00:02.066469,40.779999999999994,8,2.066468,40.78,7,0xcaf00370,0,0,2,8191,8191,1,0,0,0,1,0,31,7,3,0,15,254,15
24513,1970-01-02 09:00:02.076713,10.244,8,2.076713,10.245,1,0xcaf00370,0,0,2,8191,8191,1,0,0,0,1,0,31,7,3,0,15,254,15
25338,1970-01-02 09:00:02.126012,49.299,8,2.126011,49.298,7,0xcaf00370,0,0,2,8191,8191,2,0,0,0,1,0,31,7,3,0,15,254,15
25483,1970-01-02 09:00:02.136581,10.569,8,2.136581,10.57,1,0xcaf00370,0,0,2,8191,8191,2,0,0,0,1,0,31,7,3,0,15,254,15
26189,1970-01-02 09:00:02.176468,39.887,8,2.176467,39.886,7,0xcaf00370,0,0,2,8191,8191,3,0,0,0,1,0,31,7,3,0,15,254,15
26351,1970-01-02 09:00:02.186592,10.123999999999999,8,2.186591,10.124,1,0xcaf00370,0,0,2,8191,8191,3,0,0,0,1,0,31,7,3,0,15,254,15
27137,1970-01-02 09:00:02.236043,49.451,8,2.236043,49.452,7,0xcaf00370,0,0,2,8191,8191,0,0,0,0,1,0,31,7,3,0,15,254,15
27272,1970-01-02 09:00:02.245744,9.700999999999999,8,2.245743,9.7,1,0xcaf00370,0,0,2,8191,8191,0,0,0,0,1,0,31,7,3,0,15,254,15
28014,1970-01-02 09:00:02.286472,40.728,8,2.286471,40.728,7,0xcaf00370,0,0,2,8191,8191,1,0,0,0,1,0,31,7,3,0,15,254,15
28193,1970-01-02 09:00:02.295567,9.095,8,2.295567,9.096,1,0xcaf00370,0,0,2,8191,8191,1,0,0,0,1,0,31,7,3,0,15,254,15
28944,1970-01-02 09:00:02.346070,50.503,8,2.34607,50.503,7,0xcaf00370,0,0,2,8191,8191,2,0,0,0,1,0,31,7,3,0,15,254,15
29080,1970-01-02 09:00:02.354695,8.625,8,2.354694,8.624,1,0xcaf00370,0,0,2,8191,8191,2,0,0,0,1,0,31,7,3,0,15,254,15
29850,1970-01-02 09:00:02.396492,41.797000000000004,8,2.396492,41.798,7,0xcaf00370,0,0,2,8191,8191,3,0,0,0,1,0,31,7,3,0,15,254,15
29976,1970-01-02 09:00:02.404672,8.18,8,2.404671,8.179,1,0xcaf00370,0,0,2,8191,8191,3,0,0,0,1,0,31,7,3,0,15,254,15
31022,1970-01-02 09:00:02.466662,61.99,8,2.466661,61.99,7,0xcaf00370,0,0,2,8191,8191,0,0,0,0,1,0,31,7,3,0,15,254,15
31200,1970-01-02 09:00:02.474222,7.56,8,2.474221,7.56,1,0xcaf00370,0,0,2,8191,8191,0,0,0,0,1,0,31,7,3,0,15,254,15
31934,1970-01-02 09:00:02.516147,41.925,8,2.516147,41.926,7,0xcaf00370,0,0,2,8191,8191,1,0,0,0,1,0,31,7,3,0,15,254,15
32045,1970-01-02 09:00:02.523293,7.146,8,2.523292,7.145,1,0xcaf00370,0,0,2,8191,8191,1,0,0,0,1,0,31,7,3,0,15,254,15
32695,1970-01-02 09:00:02.567044,43.751,8,2.567044,43.752,7,0xcaf00370,0,0,2,8191,8191,2,0,0,0,1,0,31,7,3,0,15,254,15
32840,1970-01-02 09:00:02.573719,6.675000000000001,8,2.573719,6.675,1,0xcaf00370,0,0,2,8191,8191,2,0,0,0,1,0,31,7,3,0,15,254,15
33556,1970-01-02 09:00:02.616682,42.963,8,2.616682,42.963,7,0xcaf00370,0,0,2,8191,8191,3,0,0,0,1,0,31,7,3,0,15,254,15
33664,1970-01-02 09:00:02.622918,6.236000000000001,8,2.622918,6.236,1,0xcaf00370,0,0,2,8191,8191,3,0,0,0,1,0,31,7,3,0,15,254,15
34533,1970-01-02 09:00:02.676422,53.504000000000005,8,2.676422,53.504,7,0xcaf00370,0,0,2,8191,8191,0,0,0,0,1,0,31,7,3,0,15,254,15
34616,1970-01-02 09:00:02.682130,5.708,8,2.68213,5.708,1,0xcaf00370,0,0,2,8191,8191,0,0,0,0,1,0,31,7,3,0,15,254,15
35362,1970-01-02 09:00:02.726129,43.999,8,2.726129,43.999,7,0xcaf00370,0,0,2,8191,8191,1,0,0,0,1,0,31,7,3,0,15,254,15
35411,1970-01-02 09:00:02.731397,5.268,8,2.731396,5.267,1,0xcaf00370,0,0,2,8191,8191,1,0,0,0,1,0,31,7,3,0,15,254,15
36376,1970-01-02 09:00:02.786593,55.196000000000005,8,2.786593,55.197,7,0xcaf00370,0,0,2,8191,8191,2,0,0,0,1,0,31,7,3,0,15,254,15
36452,1970-01-02 09:00:02.791263,4.67,8,2.791263,4.67,1,0xcaf00370,0,0,2,8191,8191,2,0,0,0,1,0,31,7,3,0,15,254,15
37192,1970-01-02 09:00:02.836261,44.998000000000005,8,2.836261,44.998,7,0xcaf00370,0,0,2,8191,8191,3,0,0,0,1,0,31,7,3,0,15,254,15
37262,1970-01-02 09:00:02.840653,4.392,8,2.840653,4.392,1,0xcaf00370,0,0,2,8191,8191,3,0,0,0,1,0,31,7,3,0,15,254,15
38287,1970-01-02 09:00:02.896238,55.585,8,2.896238,55.585,7,0xcaf00370,0,0,2,8191,8191,0,0,0,0,1,0,31,7,3,0,15,254,15
38324,1970-01-02 09:00:02.899985,3.747,8,2.899985,3.747,1,0xcaf00370,0,0,2,8191,8191,0,0,0,0,1,0,31,7,3,0,15,254,15
39068,1970-01-02 09:00:02.946231,46.246,8,2.94623,46.245,7,0xcaf00370,0,0,2,8191,8191,1,0,0,0,1,0,31,7,3,0,15,254,15
39100,1970-01-02 09:00:02.949520,3.2889999999999997,8,2.949519,3.289,1,0xcaf00370,0,0,2,8191,8191,1,0,0,0,1,0,31,7,3,0,15,254,15
40073,1970-01-02 09:00:03.006325,56.805,8,3.006325,56.806,7,0xcaf00370,0,0,2,8191,8191,2,0,0,0,1,0,31,7,3,0,15,254,15
40084,1970-01-02 09:00:03.009074,2.749,8,3.009073,2.748,1,0xcaf00370,0,0,2,8191,8191,2,0,0,0,1,0,31,7,3,0,15,254,15
40839,1970-01-02 09:00:03.056310,47.236,8,3.056309,47.236,7,0xcaf00370,0,0,2,8191,8191,3,0,0,0,1,0,31,7,3,0,15,254,15
40847,1970-01-02 09:00:03.058604,2.294,8,3.058604,2.295,1,0xcaf00370,0,0,2,8191,8191,3,0,0,0,1,0,31,7,3,0,15,254,15
41860,1970-01-02 09:00:03.116370,57.766,8,3.11637,57.766,7,0xcaf00370,0,0,2,8191,8191,0,0,0,0,1,0,31,7,3,0,15,254,15
41891,1970-01-02 09:00:03.118195,1.825,8,3.118195,1.825,1,0xcaf00370,0,0,2,8191,8191,0,0,0,0,1,0,31,7,3,0,15,254,15
42662,1970-01-02 09:00:03.166882,48.687,8,3.166882,48.687,7,0xcaf00370,0,0,2,8191,8191,1,0,0,0,1,0,31,7,3,0,15,254,15
42692,1970-01-02 09:00:03.168548,1.666,8,3.168547,1.665,1,0xcaf00370,0,0,2,8191,8191,1,0,0,0,1,0,31,7,3,0,15,254,15
43709,1970-01-02 09:00:03.226434,57.886,8,3.226434,57.887,7,0xcaf00370,0,0,2,8191,8191,2,0,0,0,1,0,31,7,3,0,15,254,15
43716,1970-01-02 09:00:03.227959,1.5250000000000001,8,3.227958,1.524,1,0xcaf00370,0,0,2,8191,8191,2,0,0,0,1,0,31,7,3,0,15,254,15
44539,1970-01-02 09:00:03.276419,48.46,8,3.276419,48.461,7,0xcaf00370,0,0,2,8191,8191,3,0,0,0,1,0,31,7,3,0,15,254,15
44557,1970-01-02 09:00:03.278045,1.6260000000000001,8,3.278044,1.625,1,0xcaf00370,0,0,2,8191,8191,3,0,0,0,1,0,31,7,3,0,15,254,15
45507,1970-01-02 09:00:03.336477,58.431999999999995,8,3.336477,58.433,7,0xcaf00370,0,0,2,8191,8191,0,0,0,0,1,0,31,7,3,0,15,254,15
45517,1970-01-02 09:00:03.337803,1.3259999999999998,8,3.337802,1.325,1,0xcaf00370,0,0,2,8191,8191,0,0,0,0,1,0,31,7,3,0,15,254,15
46355,1970-01-02 09:00:03.386901,49.098000000000006,8,3.386901,49.099,7,0xcaf00370,0,0,2,8191,8191,1,0,0,0,1,0,31,7,3,0,15,254,15
46368,1970-01-02 09:00:03.387963,1.062,8,3.387962,1.061,1,0xcaf00370,0,0,2,8191,8191,1,0,0,0,1,0,31,7,3,0,15,254,15
47365,1970-01-02 09:00:03.446545,58.582,8,3.446545,58.583,7,0xcaf00370,0,0,2,8191,8191,2,0,0,0,1,0,31,7,3,0,15,254,15
47375,1970-01-02 09:00:03.447547,1.002,8,3.447546,1.001,1,0xcaf00370,0,0,2,8191,8191,2,0,0,0,1,0,31,7,3,0,15,254,15
48261,1970-01-02 09:00:03.496566,49.019,8,3.496565,49.019,7,0xcaf00370,0,0,2,8191,8191,3,0,0,0,1,0,31,7,3,0,15,254,15
48272,1970-01-02 09:00:03.497448,0.882,8,3.497447,0.882,1,0xcaf00370,0,0,2,8191,8191,3,0,0,0,1,0,31,7,3,0,15,254,15
49158,1970-01-02 09:00:03.556628,59.18000000000001,8,3.556627,59.18,7,0xcaf00370,0,0,2,8191,8191,0,0,0,0,1,0,31,7,3,0,15,254,15
49164,1970-01-02 09:00:03.557418,0.79,8,3.557418,0.791,1,0xcaf00370,0,0,2,8191,8191,0,0,0,0,1,0,31,7,3,0,15,254,15
50032,1970-01-02 09:00:03.606595,49.177,8,3.606594,49.176,7,0xcaf00370,0,0,2,8191,8191,1,0,0,0,1,0,31,7,3,0,15,254,15
50037,1970-01-02 09:00:03.607216,0.621,8,3.607216,0.622,1,0xcaf00370,0,0,2,8191,8191,1,0,0,0,1,0,31,7,3,0,15,254,15
51214,1970-01-02 09:00:03.676898,69.68199999999999,8,3.676897,69.681,7,0xcaf00370,0,0,2,8191,8191,2,0,0,0,1,0,31,7,3,0,15,254,15
51216,1970-01-02 09:00:03.677353,0.455,8,3.677352,0.455,1,0xcaf00370,0,0,2,8191,8191,2,0,0,0,1,0,31,7,3,0,15,254,15
52041,1970-01-02 09:00:03.728666,51.312999999999995,8,3.728665,51.313,7,0xcaf00370,0,0,2,8191,8191,3,0,0,0,1,0,31,7,3,0,15,254,15
52046,1970-01-02 09:00:03.728996,0.33,8,3.728996,0.331,1,0xcaf00370,0,0,2,8191,8191,3,0,0,0,1,0,31,7,3,0,15,254,15
53062,1970-01-02 09:00:03.787555,58.559,8,3.787555,58.559,7,0xcaf00370,0,0,2,8191,8191,0,0,0,0,1,0,31,7,3,0,15,254,15
53066,1970-01-02 09:00:03.787807,0.252,8,3.787807,0.252,1,0xcaf00370,0,0,2,8191,8191,0,0,0,0,1,0,31,7,3,0,15,254,15
53860,1970-01-02 09:00:03.836690,48.883,8,3.83669,48.883,7,0xcaf00370,0,0,2,8191,8191,1,0,0,0,1,0,31,7,3,0,15,254,15
53861,1970-01-02 09:00:03.836786,0.096,8,3.836786,0.096,1,0xcaf00370,0,0,2,8191,8191,1,0,0,0,1,0,31,7,3,0,15,254,15
54891,1970-01-02 09:00:03.896943,60.157000000000004,8,3.896943,60.157,7,0xcaf00370,0,0,2,8191,8191,2,0,0,0,1,0,31,7,3,0,15,254,15
54892,1970-01-02 09:00:03.897040,0.097,8,3.897039,0.096,1,0xcaf00370,0,0,2,8191,8191,2,0,0,0,1,0,31,7,3,0,15,254,15
55651,1970-01-02 09:00:03.946762,49.722,8,3.946761,49.722,1,0xcaf00370,0,0,2,8191,8191,3,0,0,0,1,0,31,7,3,0,15,254,15
55652,1970-01-02 09:00:03.946862,0.1,8,3.946861,0.1,7,0xcaf00370,0,0,2,8191,8191,3,0,0,0,1,0,31,7,3,0,15,254,15
56662,1970-01-02 09:00:04.006526,59.664,8,4.006525,59.664,1,0xcaf00370,0,0,2,8191,8191,0,0,0,0,1,0,31,7,3,0,15,254,15
56663,1970-01-02 09:00:04.006726,0.2,8,4.006726,0.201,7,0xcaf00370,0,0,2,8191,8191,0,0,0,0,1,0,31,7,3,0,15,254,15
57422,1970-01-02 09:00:04.056435,49.709,8,4.056434,49.708,1,0xcaf00370,0,0,2,8191,8191,1,0,0,0,1,0,31,7,3,0,15,254,15
57424,1970-01-02 09:00:04.056721,0.28600000000000003,8,4.056721,0.287,7,0xcaf00370,0,0,2,8191,8191,1,0,0,0,1,0,31,7,3,0,15,254,15
58304,1970-01-02 09:00:04.106584,49.863,8,4.106583,49.862,1,0xcaf00370,0,0,2,8191,8191,2,0,0,0,1,0,31,7,3,0,15,254,15
58307,1970-01-02 09:00:04.106957,0.373,8,4.106957,0.374,7,0xcaf00370,0,0,2,8191,8191,2,0,0,0,1,0,31,7,3,0,15,254,15
59079,1970-01-02 09:00:04.156358,49.401,8,4.156357,49.4,1,0xcaf00370,0,0,2,8191,8191,3,0,0,0,1,0,31,7,3,0,15,254,15
59081,1970-01-02 09:00:04.156682,0.324,8,4.156682,0.325,7,0xcaf00370,0,0,2,8191,8191,3,0,0,0,1,0,31,7,3,0,15,254,15
60269,1970-01-02 09:00:04.226258,69.576,8,4.226257,69.575,1,0xcaf00370,0,0,2,8191,8191,0,0,0,0,1,0,31,7,3,0,15,254,15
60272,1970-01-02 09:00:04.226662,0.404,8,4.226661,0.404,7,0xcaf00370,0,0,2,8191,8191,0,0,0,0,1,0,31,7,3,0,15,254,15
61145,1970-01-02 09:00:04.276329,49.667,8,4.276328,49.667,1,0xcaf00370,0,0,2,8191,8191,1,0,0,0,1,0,31,7,3,0,15,254,15
61147,1970-01-02 09:00:04.276623,0.294,8,4.276623,0.295,7,0xcaf00370,0,0,2,8191,8191,1,0,0,0,1,0,31,7,3,0,15,254,15
62129,1970-01-02 09:00:04.336285,59.662,8,4.336284,59.661,1,0xcaf00370,0,0,2,8191,8191,2,0,0,0,1,0,31,7,3,0,15,254,15
62131,1970-01-02 09:00:04.336707,0.422,8,4.336706,0.422,7,0xcaf00370,0,0,2,8191,8191,2,0,0,0,1,0,31,7,3,0,15,254,15
62962,1970-01-02 09:00:04.386545,49.838,8,4.386544,49.838,1,0xcaf00370,0,0,2,8191,8191,3,0,0,0,1,0,31,7,3,0,15,254,15
62971,1970-01-02 09:00:04.387046,0.501,8,4.387045,0.501,7,0xcaf00370,0,0,2,8191,8191,3,0,0,0,1,0,31,7,3,0,15,254,15
63964,1970-01-02 09:00:04.446274,59.228,8,4.446274,59.229,1,0xcaf00370,0,0,2,8191,8191,0,0,0,0,1,0,31,7,3,0,15,254,15
63968,1970-01-02 09:00:04.446717,0.443,8,4.446716,0.442,7,0xcaf00370,0,0,2,8191,8191,0,0,0,0,1,0,31,7,3,0,15,254,15
64849,1970-01-02 09:00:04.496637,49.92,8,4.496636,49.92,1,0xcaf00370,0,0,2,8191,8191,1,0,0,0,1,0,31,7,3,0,15,254,15
64856,1970-01-02 09:00:04.497090,0.453,8,4.49709,0.454,7,0xcaf00370,0,0,2,8191,8191,1,0,0,0,1,0,31,7,3,0,15,254,15
65759,1970-01-02 09:00:04.556443,59.353,8,4.556442,59.352,1,0xcaf00370,0,0,2,8191,8191,2,0,0,0,1,0,31,7,3,0,15,254,15
65761,1970-01-02 09:00:04.556906,0.46299999999999997,8,4.556906,0.464,7,0xcaf00370,0,0,2,8191,8191,2,0,0,0,1,0,31,7,3,0,15,254,15
66600,1970-01-02 09:00:04.606134,49.228,8,4.606134,49.228,1,0xcaf00370,0,0,2,8191,8191,3,0,0,0,1,0,31,7,3,0,15,254,15
66602,1970-01-02 09:00:04.606608,0.474,8,4.606608,0.474,7,0xcaf00370,0,0,2,8191,8191,3,0,0,0,1,0,31,7,3,0,15,254,15
67641,1970-01-02 09:00:04.670999,64.391,8,4.670999,64.391,1,0xcaf00370,0,0,2,8191,8191,0,0,0,0,1,0,31,7,3,0,15,254,15
67651,1970-01-02 09:00:04.671484,0.48500000000000004,8,4.671484,0.485,7,0xcaf00370,0,0,2,8191,8191,0,0,0,0,1,0,31,7,3,0,15,254,15
68427,1970-01-02 09:00:04.716298,44.814,8,4.716297,44.813,1,0xcaf00370,0,0,2,8191,8191,1,0,0,0,1,0,31,7,3,0,15,254,15
68431,1970-01-02 09:00:04.716579,0.281,8,4.716578,0.281,7,0xcaf00370,0,0,2,8191,8191,1,0,0,0,1,0,31,7,3,0,15,254,15
69461,1970-01-02 09:00:04.777377,60.797999999999995,8,4.777376,60.798,1,0xcaf00370,0,0,2,8191,8191,2,0,0,0,1,0,31,7,3,0,15,254,15
69471,1970-01-02 09:00:04.777899,0.522,8,4.777899,0.523,7,0xcaf00370,0,0,2,8191,8191,2,0,0,0,1,0,31,7,3,0,15,254,15
70248,1970-01-02 09:00:04.826084,48.184999999999995,8,4.826084,48.185,1,0xcaf00370,0,0,2,8191,8191,3,0,0,0,1,0,31,7,3,0,15,254,15
70250,1970-01-02 09:00:04.826599,0.515,8,4.826599,0.515,7,0xcaf00370,0,0,2,8191,8191,3,0,0,0,1,0,31,7,3,0,15,254,15
71223,1970-01-02 09:00:04.886377,59.778,8,4.886377,59.778,1,0xcaf00370,0,0,2,8191,8191,0,0,0,0,1,0,31,7,3,0,15,254,15
71235,1970-01-02 09:00:04.886979,0.602,8,4.886978,0.601,7,0xcaf00370,0,0,2,8191,8191,0,0,0,0,1,0,31,7,3,0,15,254,15
72031,1970-01-02 09:00:04.936036,49.057,8,4.936035,49.057,1,0xcaf00370,0,0,2,8191,8191,1,0,0,0,1,0,31,7,3,0,15,254,15
72038,1970-01-02 09:00:04.936565,0.5289999999999999,8,4.936564,0.529,7,0xcaf00370,0,0,2,8191,8191,1,0,0,0,1,0,31,7,3,0,15,254,15
73076,1970-01-02 09:00:04.996337,59.772,8,4.996336,59.772,1,0xcaf00370,0,0,2,8191,8191,2,0,0,0,1,0,31,7,3,0,15,254,15
73080,1970-01-02 09:00:04.996774,0.437,8,4.996774,0.438,7,0xcaf00370,0,0,2,8191,8191,2,0,0,0,1,0,31,7,3,0,15,254,15
73811,1970-01-02 09:00:05.046063,49.289,8,5.046063,49.289,1,0xcaf00370,0,0,2,8191,8191,3,0,0,0,1,0,31,7,3,0,15,254,15
73817,1970-01-02 09:00:05.046623,0.5599999999999999,8,5.046623,0.56,7,0xcaf00370,0,0,2,8191,8191,3,0,0,0,1,0,31,7,3,0,15,254,15
74824,1970-01-02 09:00:05.105987,59.364,8,5.105986,59.363,1,0xcaf00370,0,0,2,8191,8191,0,0,0,0,1,0,31,7,3,0,15,254,15
74827,1970-01-02 09:00:05.106560,0.5730000000000001,8,5.106559,0.573,7,0xcaf00370,0,0,2,8191,8191,0,0,0,0,1,0,31,7,3,0,15,254,15
75610,1970-01-02 09:00:05.156271,49.711,8,5.15627,49.711,1,0xcaf00370,0,0,2,8191,8191,1,0,0,0,1,0,31,7,3,0,15,254,15
75612,1970-01-02 09:00:05.156847,0.5760000000000001,8,5.156847,0.577,7,0xcaf00370,0,0,2,8191,8191,1,0,0,0,1,0,31,7,3,0,15,254,15
76677,1970-01-02 09:00:05.216494,59.647,8,5.216493,59.646,1,0xcaf00370,0,0,2,8191,8191,2,0,0,0,1,0,31,7,3,0,15,254,15
76688,1970-01-02 09:00:05.217078,0.584,8,5.217077,0.584,7,0xcaf00370,0,0,2,8191,8191,2,0,0,0,1,0,31,7,3,0,15,254,15
77441,1970-01-02 09:00:05.266415,49.336999999999996,8,5.266415,49.338,1,0xcaf00370,0,0,2,8191,8191,3,0,0,0,1,0,31,7,3,0,15,254,15
77460,1970-01-02 09:00:05.267003,0.588,8,5.267002,0.587,7,0xcaf00370,0,0,2,8191,8191,3,0,0,0,1,0,31,7,3,0,15,254,15
78491,1970-01-02 09:00:05.325941,58.937999999999995,8,5.325941,58.939,1,0xcaf00370,0,0,2,8191,8191,0,0,0,0,1,0,31,7,3,0,15,254,15
78494,1970-01-02 09:00:05.326532,0.5910000000000001,8,5.326531,0.59,7,0xcaf00370,0,0,2,8191,8191,0,0,0,0,1,0,31,7,3,0,15,254,15
79326,1970-01-02 09:00:05.375982,49.45,8,5.375981,49.45,1,0xcaf00370,0,0,2,8191,8191,1,0,0,0,1,0,31,7,3,0,15,254,15
79334,1970-01-02 09:00:05.376546,0.5640000000000001,8,5.376545,0.564,7,0xcaf00370,0,0,2,8191,8191,1,0,0,0,1,0,31,7,3,0,15,254,15
80206,1970-01-02 09:00:05.426726,50.18,8,5.426725,50.18,1,0xcaf00370,0,0,2,8191,8191,2,0,0,0,1,0,31,7,3,0,15,254,15
80220,1970-01-02 09:00:05.427399,0.673,8,5.427398,0.673,7,0xcaf00370,0,0,2,8191,8191,2,0,0,0,1,0,31,7,3,0,15,254,15
81120,1970-01-02 09:00:05.476212,48.813,8,5.476211,48.813,1,0xcaf00370,0,0,2,8191,8191,3,0,0,0,1,0,31,7,3,0,15,254,15
81125,1970-01-02 09:00:05.476815,0.603,8,5.476814,0.603,7,0xcaf00370,0,0,2,8191,8191,3,0,0,0,1,0,31,7,3,0,15,254,15
82375,1970-01-02 09:00:05.556094,79.279,8,5.556094,79.28,1,0xcaf00370,0,0,2,8191,8191,0,0,0,0,1,0,31,7,3,0,15,254,15
82377,1970-01-02 09:00:05.556535,0.441,8,5.556534,0.44,7,0xcaf00370,0,0,2,8191,8191,0,0,0,0,1,0,31,7,3,0,15,254,15
83225,1970-01-02 09:00:05.605887,49.352,8,5.605887,49.353,1,0xcaf00370,0,0,2,8191,8191,1,0,0,0,1,0,31,7,3,0,15,254,15
83227,1970-01-02 09:00:05.606501,0.614,8,5.6065,0.613,7,0xcaf00370,0,0,2,8191,8191,1,0,0,0,1,0,31,7,3,0,15,254,15
84025,1970-01-02 09:00:05.656173,49.672000000000004,8,5.656172,49.672,1,0xcaf00370,0,0,2,8191,8191,2,0,0,0,1,0,31,7,3,0,15,254,15
84028,1970-01-02 09:00:05.656790,0.617,8,5.65679,0.618,7,0xcaf00370,0,0,2,8191,8191,2,0,0,0,1,0,31,7,3,0,15,254,15
84887,1970-01-02 09:00:05.706139,49.349,8,5.706139,49.349,1,0xcaf00370,0,0,2,8191,8191,3,0,0,0,1,0,31,7,3,0,15,254,15
84889,1970-01-02 09:00:05.706760,0.621,8,5.706759,0.62,7,0xcaf00370,0,0,2,8191,8191,3,0,0,0,1,0,31,7,3,0,15,254,15
86098,1970-01-02 09:00:05.777747,70.987,8,5.777746,70.987,1,0xcaf00370,0,0,2,8191,8191,0,0,0,0,1,0,31,7,3,0,15,254,15
86103,1970-01-02 09:00:05.778374,0.627,8,5.778374,0.628,7,0xcaf00370,0,0,2,8191,8191,0,0,0,0,1,0,31,7,3,0,15,254,15
86881,1970-01-02 09:00:05.825853,47.479,8,5.825853,47.479,1,0xcaf00370,0,0,2,8191,8191,1,0,0,0,1,0,31,7,3,0,15,254,15
86884,1970-01-02 09:00:05.826460,0.607,8,5.82646,0.607,7,0xcaf00370,0,0,2,8191,8191,1,0,0,0,1,0,31,7,3,0,15,254,15
87780,1970-01-02 09:00:05.876415,49.955,8,5.876415,49.955,1,0xcaf00370,0,0,2,8191,8191,2,0,0,0,1,0,31,7,3,0,15,254,15
87784,1970-01-02 09:00:05.877044,0.629,8,5.877044,0.629,7,0xcaf00370,0,0,2,8191,8191,2,0,0,0,1,0,31,7,3,0,15,254,15
88566,1970-01-02 09:00:05.926215,49.171,8,5.926215,49.171,1,0xcaf00370,0,0,2,8191,8191,3,0,0,0,1,0,31,7,3,0,15,254,15
88568,1970-01-02 09:00:05.926842,0.627,8,5.926842,0.627,7,0xcaf00370,0,0,2,8191,8191,3,0,0,0,1,0,31,7,3,0,15,254,15
89758,1970-01-02 09:00:05.996142,69.3,8,5.996142,69.3,1,0xcaf00370,0,0,2,8191,8191,0,0,0,0,1,0,31,7,3,0,15,254,15
89764,1970-01-02 09:00:05.996631,0.48899999999999993,8,5.99663,0.488,7,0xcaf00370,0,0,2,8191,8191,0,0,0,0,1,0,31,7,3,0,15,254,15
90491,1970-01-02 09:00:06.045789,49.158,8,6.045789,49.159,1,0xcaf00370,0,0,2,8191,8191,1,0,0,0,1,0,31,7,3,0,15,254,15
90497,1970-01-02 09:00:06.046415,0.626,8,6.046414,0.625,7,0xcaf00370,0,0,2,8191,8191,1,0,0,0,1,0,31,7,3,0,15,254,15
91522,1970-01-02 09:00:06.105896,59.481,8,6.105895,59.481,1,0xcaf00370,0,0,2,8191,8191,2,0,0,0,1,0,31,7,3,0,15,254,15
91524,1970-01-02 09:00:06.106518,0.622,8,6.106518,0.623,7,0xcaf00370,0,0,2,8191,8191,2,0,0,0,1,0,31,7,3,0,15,254,15
92293,1970-01-02 09:00:06.155979,49.461,8,6.155978,49.46,1,0xcaf00370,0,0,2,8191,8191,3,0,0,0,1,0,31,7,3,0,15,254,15
92295,1970-01-02 09:00:06.156433,0.45399999999999996,8,6.156432,0.454,7,0xcaf00370,0,0,2,8191,8191,3,0,0,0,1,0,31,7,3,0,15,254,15
93343,1970-01-02 09:00:06.215918,59.48500000000001,8,6.215918,59.486,1,0xcaf00370,0,0,2,8191,8191,0,0,0,0,1,0,31,7,3,0,15,254,15
93350,1970-01-02 09:00:06.216537,0.619,8,6.216536,0.618,7,0xcaf00370,0,0,2,8191,8191,0,0,0,0,1,0,31,7,3,0,15,254,15
94118,1970-01-02 09:00:06.266266,49.729,8,6.266266,49.73,1,0xcaf00370,0,0,2,8191,8191,1,0,0,0,1,0,31,7,3,0,15,254,15
94139,1970-01-02 09:00:06.266865,0.599,8,6.266864,0.598,7,0xcaf00370,0,0,2,8191,8191,1,0,0,0,1,0,31,7,3,0,15,254,15
95161,1970-01-02 09:00:06.325767,58.902,8,6.325766,58.902,1,0xcaf00370,0,0,2,8191,8191,2,0,0,0,1,0,31,7,3,0,15,254,15
95163,1970-01-02 09:00:06.326383,0.616,8,6.326383,0.617,7,0xcaf00370,0,0,2,8191,8191,2,0,0,0,1,0,31,7,3,0,15,254,15
95999,1970-01-02 09:00:06.375965,49.582,8,6.375964,49.581,1,0xcaf00370,0,0,2,8191,8191,3,0,0,0,1,0,31,7,3,0,15,254,15
96009,1970-01-02 09:00:06.376578,0.6130000000000001,8,6.376578,0.614,7,0xcaf00370,0,0,2,8191,8191,3,0,0,0,1,0,31,7,3,0,15,254,15
97000,1970-01-02 09:00:06.435923,59.345,8,6.435923,59.345,1,0xcaf00370,0,0,2,8191,8191,0,0,0,0,1,0,31,7,3,0,15,254,15
97005,1970-01-02 09:00:06.436382,0.45899999999999996,8,6.436382,0.459,7,0xcaf00370,0,0,2,8191,8191,0,0,0,0,1,0,31,7,3,0,15,254,15
97862,1970-01-02 09:00:06.486011,49.629,8,6.48601,49.628,1,0xcaf00370,0,0,2,8191,8191,1,0,0,0,1,0,31,7,3,0,15,254,15
97878,1970-01-02 09:00:06.486706,0.695,8,6.486705,0.695,7,0xcaf00370,0,0,2,8191,8191,1,0,0,0,1,0,31,7,3,0,15,254,15
98791,1970-01-02 09:00:06.545799,59.092999999999996,8,6.545798,59.093,1,0xcaf00370,0,0,2,8191,8191,2,0,0,0,1,0,31,7,3,0,15,254,15
98798,1970-01-02 09:00:06.546334,0.535,8,6.546334,0.536,7,0xcaf00370,0,0,2,8191,8191,2,0,0,0,1,0,31,7,3,0,15,254,15
99685,1970-01-02 09:00:06.595986,49.652,8,6.595985,49.651,1,0xcaf00370,0,0,2,8191,8191,3,0,0,0,1,0,31,7,3,0,15,254,15
99691,1970-01-02 09:00:06.596499,0.513,8,6.596498,0.513,7,0xcaf00370,0,0,2,8191,8191,3,0,0,0,1,0,31,7,3,0,15,254,15
100764,1970-01-02 09:00:06.666224,69.725,8,6.666223,69.725,1,0xcaf00370,0,0,2,8191,8191,0,0,0,0,1,0,31,7,3,0,15,254,15
100784,1970-01-02 09:00:06.666826,0.602,8,6.666825,0.602,7,0xcaf00370,0,0,2,8191,8191,0,0,0,0,1,0,31,7,3,0,15,254,15
101642,1970-01-02 09:00:06.715774,48.948,8,6.715773,48.948,1,0xcaf00370,0,0,2,8191,8191,1,0,0,0,1,0,31,7,3,0,15,254,15
101654,1970-01-02 09:00:06.716425,0.651,8,6.716425,0.652,7,0xcaf00370,0,0,2,8191,8191,1,0,0,0,1,0,31,7,3,0,15,254,15
102702,1970-01-02 09:00:06.778756,62.330999999999996,8,6.778755,62.33,1,0xcaf00370,0,0,2,8191,8191,2,0,0,0,1,0,31,7,3,0,15,254,15
102704,1970-01-02 09:00:06.779354,0.598,8,6.779354,0.599,7,0xcaf00370,0,0,2,8191,8191,2,0,0,0,1,0,31,7,3,0,15,254,15
103480,1970-01-02 09:00:06.825671,46.317,8,6.825671,46.317,1,0xcaf00370,0,0,2,8191,8191,3,0,0,0,1,0,31,7,3,0,15,254,15
103482,1970-01-02 09:00:06.826268,0.597,8,6.826267,0.596,7,0xcaf00370,0,0,2,8191,8191,3,0,0,0,1,0,31,7,3,0,15,254,15
104460,1970-01-02 09:00:06.886436,60.168,8,6.886435,60.168,1,0xcaf00370,0,0,2,8191,8191,0,0,0,0,1,0,31,7,3,0,15,254,15
104471,1970-01-02 09:00:06.887003,0.5670000000000001,8,6.887003,0.568,7,0xcaf00370,0,0,2,8191,8191,0,0,0,0,1,0,31,7,3,0,15,254,15
105260,1970-01-02 09:00:06.935655,48.652,8,6.935654,48.651,1,0xcaf00370,0,0,2,8191,8191,1,0,0,0,1,0,31,7,3,0,15,254,15
105269,1970-01-02 09:00:06.936255,0.6,8,6.936254,0.6,7,0xcaf00370,0,0,2,8191,8191,1,0,0,0,1,0,31,7,3,0,15,254,15
106304,1970-01-02 09:00:06.995940,59.685,8,6.99594,59.686,1,0xcaf00370,0,0,2,8191,8191,2,0,0,0,1,0,31,7,3,0,15,254,15
106309,1970-01-02 09:00:06.996435,0.495,8,6.996435,0.495,7,0xcaf00370,0,0,2,8191,8191,2,0,0,0,1,0,31,7,3,0,15,254,15
107035,1970-01-02 09:00:07.045636,49.201,8,7.045635,49.2,1,0xcaf00370,0,0,2,8191,8191,3,0,0,0,1,0,31,7,3,0,15,254,15
107042,1970-01-02 09:00:07.046253,0.617,8,7.046252,0.617,7,0xcaf00370,0,0,2,8191,8191,3,0,0,0,1,0,31,7,3,0,15,254,15
108091,1970-01-02 09:00:07.105649,59.396,8,7.105649,59.397,1,0xcaf00370,0,0,2,8191,8191,0,0,0,0,1,0,31,7,3,0,15,254,15
108094,1970-01-02 09:00:07.106273,0.624,8,7.106273,0.624,7,0xcaf00370,0,0,2,8191,8191,0,0,0,0,1,0,31,7,3,0,15,254,15
108854,1970-01-02 09:00:07.155708,49.435,8,7.155707,49.434,1,0xcaf00370,0,0,2,8191,8191,1,0,0,0,1,0,31,7,3,0,15,254,15
108856,1970-01-02 09:00:07.156246,0.5379999999999999,8,7.156245,0.538,7,0xcaf00370,0,0,2,8191,8191,1,0,0,0,1,0,31,7,3,0,15,254,15
109921,1970-01-02 09:00:07.215647,59.401,8,7.215646,59.401,1,0xcaf00370,0,0,2,8191,8191,2,0,0,0,1,0,31,7,3,0,15,254,15
109931,1970-01-02 09:00:07.216256,0.609,8,7.216256,0.61,7,0xcaf00370,0,0,2,8191,8191,2,0,0,0,1,0,31,7,3,0,15,254,15
110698,1970-01-02 09:00:07.266142,49.886,8,7.266141,49.885,1,0xcaf00370,0,0,2,8191,8191,3,0,0,0,1,0,31,7,3,0,15,254,15
110723,1970-01-02 09:00:07.267081,0.939,8,7.26708,0.939,7,0xcaf00370,0,0,2,8191,8191,3,0,0,0,1,0,31,7,3,0,15,254,15
111752,1970-01-02 09:00:07.325664,58.583000000000006,8,7.325664,58.584,1,0xcaf00370,0,0,2,8191,8191,0,0,0,0,1,0,31,7,3,0,15,254,15
111754,1970-01-02 09:00:07.326241,0.5770000000000001,8,7.32624,0.576,7,0xcaf00370,0,0,2,8191,8191,0,0,0,0,1,0,31,7,3,0,15,254,15
112593,1970-01-02 09:00:07.375860,49.61900000000001,8,7.37586,49.62,1,0xcaf00370,0,0,2,8191,8191,1,0,0,0,1,0,31,7,3,0,15,254,15
112602,1970-01-02 09:00:07.376443,0.583,8,7.376442,0.582,7,0xcaf00370,0,0,2,8191,8191,1,0,0,0,1,0,31,7,3,0,15,254,15
113589,1970-01-02 09:00:07.435837,59.394000000000005,8,7.435837,59.395,1,0xcaf00370,0,0,2,8191,8191,2,0,0,0,1,0,31,7,3,0,15,254,15
113593,1970-01-02 09:00:07.436255,0.41800000000000004,8,7.436254,0.417,7,0xcaf00370,0,0,2,8191,8191,2,0,0,0,1,0,31,7,3,0,15,254,15
114470,1970-01-02 09:00:07.486586,50.331,8,7.486585,50.331,1,0xcaf00370,0,0,2,8191,8191,3,0,0,0,1,0,31,7,3,0,15,254,15
114475,1970-01-02 09:00:07.486866,0.27999999999999997,8,7.486866,0.281,7,0xcaf00370,0,0,2,8191,8191,3,0,0,0,1,0,31,7,3,0,15,254,15
115376,1970-01-02 09:00:07.545665,58.799,8,7.545665,58.799,1,0xcaf00370,0,0,2,8191,8191,0,0,0,0,1,0,31,7,3,0,15,254,15
115383,1970-01-02 09:00:07.546220,0.555,8,7.54622,0.555,7,0xcaf00370,0,0,2,8191,8191,0,0,0,0,1,0,31,7,3,0,15,254,15
116278,1970-01-02 09:00:07.596003,49.783,8,7.596002,49.782,1,0xcaf00370,0,0,2,8191,8191,1,0,0,0,1,0,31,7,3,0,15,254,15
116283,1970-01-02 09:00:07.596370,0.367,8,7.596369,0.367,7,0xcaf00370,0,0,2,8191,8191,1,0,0,0,1,0,31,7,3,0,15,254,15
117201,1970-01-02 09:00:07.655711,59.341,8,7.65571,59.341,1,0xcaf00370,0,0,2,8191,8191,2,0,0,0,1,0,31,7,3,0,15,254,15
117205,1970-01-02 09:00:07.656248,0.537,8,7.656248,0.538,7,0xcaf00370,0,0,2,8191,8191,2,0,0,0,1,0,31,7,3,0,15,254,15
118102,1970-01-02 09:00:07.705680,49.431999999999995,8,7.70568,49.432,1,0xcaf00370,0,0,2,8191,8191,3,0,0,0,1,0,31,7,3,0,15,254,15
118104,1970-01-02 09:00:07.706210,0.53,8,7.70621,0.53,7,0xcaf00370,0,0,2,8191,8191,3,0,0,0,1,0,31,7,3,0,15,254,15
119122,1970-01-02 09:00:07.769504,63.294000000000004,8,7.769504,63.294,1,0xcaf00370,0,0,2,8191,8191,0,0,0,0,1,0,31,7,3,0,15,254,15
119132,1970-01-02 09:00:07.770116,0.612,8,7.770115,0.611,7,0xcaf00370,0,0,2,8191,8191,0,0,0,0,1,0,31,7,3,0,15,254,15
119951,1970-01-02 09:00:07.815796,45.68,8,7.815796,45.681,1,0xcaf00370,0,0,2,8191,8191,1,0,0,0,1,0,31,7,3,0,15,254,15
119958,1970-01-02 09:00:07.816309,0.513,8,7.816308,0.512,7,0xcaf00370,0,0,2,8191,8191,1,0,0,0,1,0,31,7,3,0,15,254,15
120702,1970-01-02 09:00:07.866634,50.325,8,7.866634,50.326,1,0xcaf00370,0,0,2,8191,8191,2,0,0,0,1,0,31,7,3,0,15,254,15
120718,1970-01-02 09:00:07.867145,0.5109999999999999,8,7.867144,0.51,7,0xcaf00370,0,0,2,8191,8191,2,0,0,0,1,0,31,7,3,0,15,254,15
121601,1970-01-02 09:00:07.915919,48.774,8,7.915919,48.775,1,0xcaf00370,0,0,2,8191,8191,3,0,0,0,1,0,31,7,3,0,15,254,15
121605,1970-01-02 09:00:07.916429,0.51,8,7.916429,0.51,7,0xcaf00370,0,0,2,8191,8191,3,0,0,0,1,0,31,7,3,0,15,254,15
121606,1970-01-02 09:00:07.916429,0.0,8,7.916429,0.0,7,0xcaf00370,0,0,2,8191,8191,3,0,0,0,1,0,31,7,3,0,15,254,15
122600,1970-01-02 09:00:07.975994,59.565,8,7.975994,59.565,1,0xcaf00370,0,0,2,8191,8191,0,0,0,0,1,0,31,7,3,0,15,254,15
122609,1970-01-02 09:00:07.976502,0.508,8,7.976501,0.507,7,0xcaf00370,0,0,2,8191,8191,0,0,0,0,1,0,31,7,3,0,15,254,15
123377,1970-01-02 09:00:08.025705,49.202999999999996,8,8.025705,49.204,1,0xcaf00370,0,0,2,8191,8191,1,0,0,0,1,0,31,7,3,0,15,254,15
123383,1970-01-02 09:00:08.026233,0.528,8,8.026232,0.527,7,0xcaf00370,0,0,2,8191,8191,1,0,0,0,1,0,31,7,3,0,15,254,15
124353,1970-01-02 09:00:08.086462,60.229,8,8.086461,60.229,1,0xcaf00370,0,0,2,8191,8191,2,0,0,0,1,0,31,7,3,0,15,254,15
124362,1970-01-02 09:00:08.086937,0.475,8,8.086936,0.475,7,0xcaf00370,0,0,2,8191,8191,2,0,0,0,1,0,31,7,3,0,15,254,15
125132,1970-01-02 09:00:08.135803,48.866,8,8.135802,48.866,1,0xcaf00370,0,0,2,8191,8191,3,0,0,0,1,0,31,7,3,0,15,254,15
125133,1970-01-02 09:00:08.135803,0.0,8,8.135802,0.0,1,0xcaf00370,0,0,2,8191,8191,3,0,0,0,1,0,31,7,3,0,15,254,15
125136,1970-01-02 09:00:08.136252,0.449,8,8.136252,0.45,7,0xcaf00370,0,0,2,8191,8191,3,0,0,0,1,0,31,7,3,0,15,254,15
126200,1970-01-02 09:00:08.196139,59.887,8,8.196139,59.887,1,0xcaf00370,0,0,2,8191,8191,0,0,0,0,1,0,31,7,3,0,15,254,15
126204,1970-01-02 09:00:08.196384,0.245,8,8.196383,0.244,7,0xcaf00370,0,0,2,8191,8191,0,0,0,0,1,0,31,7,3,0,15,254,15
126961,1970-01-02 09:00:08.245701,49.317,8,8.2457,49.317,1,0xcaf00370,0,0,2,8191,8191,1,0,0,0,1,0,31,7,3,0,15,254,15
126966,1970-01-02 09:00:08.246214,0.513,8,8.246213,0.513,7,0xcaf00370,0,0,2,8191,8191,1,0,0,0,1,0,31,7,3,0,15,254,15
128034,1970-01-02 09:00:08.305733,59.519000000000005,8,8.305732,59.519,1,0xcaf00370,0,0,2,8191,8191,2,0,0,0,1,0,31,7,3,0,15,254,15
128036,1970-01-02 09:00:08.306246,0.513,8,8.306245,0.513,7,0xcaf00370,0,0,2,8191,8191,2,0,0,0,1,0,31,7,3,0,15,254,15
128788,1970-01-02 09:00:08.355805,49.559,8,8.355805,49.56,1,0xcaf00370,0,0,2,8191,8191,3,0,0,0,1,0,31,7,3,0,15,254,15
128790,1970-01-02 09:00:08.356241,0.43600000000000005,8,8.356241,0.436,7,0xcaf00370,0,0,2,8191,8191,3,0,0,0,1,0,31,7,3,0,15,254,15
129868,1970-01-02 09:00:08.415737,59.496,8,8.415737,59.496,1,0xcaf00370,0,0,2,8191,8191,0,0,0,0,1,0,31,7,3,0,15,254,15
129874,1970-01-02 09:00:08.416255,0.518,8,8.416254,0.517,7,0xcaf00370,0,0,2,8191,8191,0,0,0,0,1,0,31,7,3,0,15,254,15
130711,1970-01-02 09:00:08.466410,50.155,8,8.466409,50.155,1,0xcaf00370,0,0,2,8191,8191,1,0,0,0,1,0,31,7,3,0,15,254,15
130728,1970-01-02 09:00:08.466930,0.5199999999999999,8,8.466929,0.52,7,0xcaf00370,0,0,2,8191,8191,1,0,0,0,1,0,31,7,3,0,15,254,15
131772,1970-01-02 09:00:08.526188,59.257999999999996,8,8.526188,59.259,1,0xcaf00370,0,0,2,8191,8191,2,0,0,0,1,0,31,7,3,0,15,254,15
131774,1970-01-02 09:00:08.526708,0.5199999999999999,8,8.526708,0.52,7,0xcaf00370,0,0,2,8191,8191,2,0,0,0,1,0,31,7,3,0,15,254,15
132630,1970-01-02 09:00:08.577569,50.861000000000004,8,8.577568,50.86,1,0xcaf00370,0,0,2,8191,8191,3,0,0,0,1,0,31,7,3,0,15,254,15
132637,1970-01-02 09:00:08.578094,0.525,8,8.578094,0.526,7,0xcaf00370,0,0,2,8191,8191,3,0,0,0,1,0,31,7,3,0,15,254,15
133702,1970-01-02 09:00:08.645743,67.649,8,8.645743,67.649,1,0xcaf00370,0,0,2,8191,8191,0,0,0,0,1,0,31,7,3,0,15,254,15
133708,1970-01-02 09:00:08.646270,0.527,8,8.646269,0.526,7,0xcaf00370,0,0,2,8191,8191,0,0,0,0,1,0,31,7,3,0,15,254,15
134612,1970-01-02 09:00:08.695932,49.662,8,8.695931,49.662,1,0xcaf00370,0,0,2,8191,8191,1,0,0,0,1,0,31,7,3,0,15,254,15
134618,1970-01-02 09:00:08.696412,0.48000000000000004,8,8.696411,0.48,7,0xcaf00370,0,0,2,8191,8191,1,0,0,0,1,0,31,7,3,0,15,254,15
135371,1970-01-02 09:00:08.745996,49.584,8,8.745995,49.584,1,0xcaf00370,0,0,2,8191,8191,2,0,0,0,1,0,31,7,3,0,15,254,15
135377,1970-01-02 09:00:08.746526,0.53,8,8.746526,0.531,7,0xcaf00370,0,0,2,8191,8191,2,0,0,0,1,0,31,7,3,0,15,254,15
136304,1970-01-02 09:00:08.796187,49.660999999999994,8,8.796187,49.661,1,0xcaf00370,0,0,2,8191,8191,3,0,0,0,1,0,31,7,3,0,15,254,15
136308,1970-01-02 09:00:08.796456,0.26899999999999996,8,8.796456,0.269,7,0xcaf00370,0,0,2,8191,8191,3,0,0,0,1,0,31,7,3,0,15,254,15
137405,1970-01-02 09:00:08.866250,69.794,8,8.86625,69.794,1,0xcaf00370,0,0,2,8191,8191,0,0,0,0,1,0,31,7,3,0,15,254,15
137422,1970-01-02 09:00:08.866783,0.533,8,8.866782,0.532,7,0xcaf00370,0,0,2,8191,8191,0,0,0,0,1,0,31,7,3,0,15,254,15
138313,1970-01-02 09:00:08.915935,49.152,8,8.915934,49.152,1,0xcaf00370,0,0,2,8191,8191,1,0,0,0,1,0,31,7,3,0,15,254,15
138317,1970-01-02 09:00:08.916313,0.378,8,8.916313,0.379,7,0xcaf00370,0,0,2,8191,8191,1,0,0,0,1,0,31,7,3,0,15,254,15
139281,1970-01-02 09:00:08.976238,59.925,8,8.976237,59.924,1,0xcaf00370,0,0,2,8191,8191,2,0,0,0,1,0,31,7,3,0,15,254,15
139287,1970-01-02 09:00:08.976776,0.5379999999999999,8,8.976775,0.538,7,0xcaf00370,0,0,2,8191,8191,2,0,0,0,1,0,31,7,3,0,15,254,15
140078,1970-01-02 09:00:09.025773,48.997,8,9.025773,48.998,1,0xcaf00370,0,0,2,8191,8191,3,0,0,0,1,0,31,7,3,0,15,254,15
140080,1970-01-02 09:00:09.026311,0.5379999999999999,8,9.026311,0.538,7,0xcaf00370,0,0,2,8191,8191,3,0,0,0,1,0,31,7,3,0,15,254,15
141077,1970-01-02 09:00:09.086481,60.17,8,9.086481,60.17,1,0xcaf00370,0,0,2,8191,8191,0,0,0,0,1,0,31,7,3,0,15,254,15
141086,1970-01-02 09:00:09.086989,0.508,8,9.086988,0.507,7,0xcaf00370,0,0,2,8191,8191,0,0,0,0,1,0,31,7,3,0,15,254,15
141855,1970-01-02 09:00:09.136207,49.217999999999996,8,9.136206,49.218,1,0xcaf00370,0,0,2,8191,8191,1,0,0,0,1,0,31,7,3,0,15,254,15
141859,1970-01-02 09:00:09.136761,0.554,8,9.13676,0.554,7,0xcaf00370,0,0,2,8191,8191,1,0,0,0,1,0,31,7,3,0,15,254,15
142895,1970-01-02 09:00:09.195977,59.216,8,9.195977,59.217,1,0xcaf00370,0,0,2,8191,8191,2,0,0,0,1,0,31,7,3,0,15,254,15
142902,1970-01-02 09:00:09.196411,0.434,8,9.19641,0.433,7,0xcaf00370,0,0,2,8191,8191,2,0,0,0,1,0,31,7,3,0,15,254,15
143659,1970-01-02 09:00:09.245842,49.431000000000004,8,9.245842,49.432,1,0xcaf00370,0,0,2,8191,8191,3,0,0,0,1,0,31,7,3,0,15,254,15
143664,1970-01-02 09:00:09.246460,0.618,8,9.246459,0.617,7,0xcaf00370,0,0,2,8191,8191,3,0,0,0,1,0,31,7,3,0,15,254,15
144598,1970-01-02 09:00:09.296082,49.622,8,9.296081,49.622,1,0xcaf00370,0,0,2,8191,8191,0,0,0,0,1,0,31,7,3,0,15,254,15
144605,1970-01-02 09:00:09.296727,0.6449999999999999,8,9.296726,0.645,7,0xcaf00370,0,0,2,8191,8191,0,0,0,0,1,0,31,7,3,0,15,254,15
145325,1970-01-02 09:00:09.345797,49.07,8,9.345796,49.07,1,0xcaf00370,0,0,2,8191,8191,1,0,0,0,1,0,31,7,3,0,15,254,15
145331,1970-01-02 09:00:09.346469,0.6719999999999999,8,9.346469,0.673,7,0xcaf00370,0,0,2,8191,8191,1,0,0,0,1,0,31,7,3,0,15,254,15
146379,1970-01-02 09:00:09.406112,59.643,8,9.406112,59.643,1,0xcaf00370,0,0,2,8191,8191,2,0,0,0,1,0,31,7,3,0,15,254,15
146388,1970-01-02 09:00:09.406819,0.707,8,9.406818,0.706,7,0xcaf00370,0,0,2,8191,8191,2,0,0,0,1,0,31,7,3,0,15,254,15
147164,1970-01-02 09:00:09.455604,48.785000000000004,8,9.455603,48.785,1,0xcaf00370,0,0,2,8191,8191,3,0,0,0,1,0,31,7,3,0,15,254,15
147170,1970-01-02 09:00:09.456337,0.733,8,9.456337,0.734,7,0xcaf00370,0,0,2,8191,8191,3,0,0,0,1,0,31,7,3,0,15,254,15
148213,1970-01-02 09:00:09.515740,59.403,8,9.51574,59.403,1,0xcaf00370,0,0,2,8191,8191,0,0,0,0,1,0,31,7,3,0,15,254,15
148218,1970-01-02 09:00:09.516329,0.589,8,9.516329,0.589,7,0xcaf00370,0,0,2,8191,8191,0,0,0,0,1,0,31,7,3,0,15,254,15
148937,1970-01-02 09:00:09.565785,49.456,8,9.565784,49.455,1,0xcaf00370,0,0,2,8191,8191,1,0,0,0,1,0,31,7,3,0,15,254,15
148961,1970-01-02 09:00:09.566807,1.0219999999999998,8,9.566806,1.022,7,0xcaf00370,0,0,2,8191,8191,1,0,0,0,1,0,31,7,3,0,15,254,15
149974,1970-01-02 09:00:09.625513,58.706,8,9.625512,58.706,1,0xcaf00370,0,0,2,8191,8191,2,0,0,0,1,0,31,7,3,0,15,254,15
149979,1970-01-02 09:00:09.626342,0.829,8,9.626342,0.83,7,0xcaf00370,0,0,2,8191,8191,2,0,0,0,1,0,31,7,3,0,15,254,15
150823,1970-01-02 09:00:09.677948,51.606,8,9.677948,51.606,1,0xcaf00370,0,0,2,8191,8191,3,0,0,0,1,0,31,7,3,0,15,254,15
150836,1970-01-02 09:00:09.678831,0.883,8,9.67883,0.882,7,0xcaf00370,0,0,2,8191,8191,3,0,0,0,1,0,31,7,3,0,15,254,15
151928,1970-01-02 09:00:09.745423,66.592,8,9.745423,66.593,1,0xcaf00370,0,0,2,8191,8191,0,0,0,0,1,0,31,7,3,0,15,254,15
151937,1970-01-02 09:00:09.746252,0.829,8,9.746251,0.828,7,0xcaf00370,0,0,2,8191,8191,0,0,0,0,1,0,31,7,3,0,15,254,15
152861,1970-01-02 09:00:09.795559,49.306999999999995,8,9.795558,49.307,1,0xcaf00370,0,0,2,8191,8191,1,0,0,0,1,0,31,7,3,0,15,254,15
152874,1970-01-02 09:00:09.796472,0.9129999999999999,8,9.796472,0.914,7,0xcaf00370,0,0,2,8191,8191,1,0,0,0,1,0,31,7,3,0,15,254,15
153915,1970-01-02 09:00:09.865616,69.14399999999999,8,9.865615,69.143,1,0xcaf00370,0,0,2,8191,8191,2,0,0,0,1,0,31,7,3,0,15,254,15
153939,1970-01-02 09:00:09.866615,0.9990000000000001,8,9.866615,1.0,7,0xcaf00370,0,0,2,8191,8191,2,0,0,0,1,0,31,7,3,0,15,254,15
154815,1970-01-02 09:00:09.915426,48.811,8,9.915425,48.81,1,0xcaf00370,0,0,2,8191,8191,3,0,0,0,1,0,31,7,3,0,15,254,15
154830,1970-01-02 09:00:09.916342,0.916,8,9.916342,0.917,7,0xcaf00370,0,0,2,8191,8191,3,0,0,0,1,0,31,7,3,0,15,254,15
155594,1970-01-02 09:00:09.965982,49.63999999999999,8,9.965982,49.64,1,0xcaf00370,0,0,2,8191,8191,0,0,0,0,1,0,31,7,3,0,15,254,15
155619,1970-01-02 09:00:09.966984,1.002,8,9.966984,1.002,7,0xcaf00370,0,0,2,8191,8191,0,0,0,0,1,0,31,7,3,0,15,254,15
156459,1970-01-02 09:00:10.015564,48.58,8,10.015563,48.579,1,0xcaf00370,0,0,2,8191,8191,1,0,0,0,1,0,31,7,3,0,15,254,15
156471,1970-01-02 09:00:10.016586,1.0219999999999998,8,10.016586,1.023,7,0xcaf00370,0,0,2,8191,8191,1,0,0,0,1,0,31,7,3,0,15,254,15
157420,1970-01-02 09:00:10.076010,59.424,8,10.07601,59.424,1,0xcaf00370,0,0,2,8191,8191,2,0,0,0,1,0,31,7,3,0,15,254,15
157427,1970-01-02 09:00:10.077059,1.049,8,10.077059,1.049,7,0xcaf00370,0,0,2,8191,8191,2,0,0,0,1,0,31,7,3,0,15,254,15
158241,1970-01-02 09:00:10.125279,48.22,8,10.125278,48.219,1,0xcaf00370,0,0,2,8191,8191,3,0,0,0,1,0,31,7,3,0,15,254,15
158254,1970-01-02 09:00:10.126324,1.045,8,10.126324,1.046,7,0xcaf00370,0,0,2,8191,8191,3,0,0,0,1,0,31,7,3,0,15,254,15
159255,1970-01-02 09:00:10.186047,59.723,8,10.186047,59.723,1,0xcaf00370,0,0,2,8191,8191,0,0,0,0,1,0,31,7,3,0,15,254,15
159269,1970-01-02 09:00:10.186979,0.9319999999999999,8,10.186979,0.932,7,0xcaf00370,0,0,2,8191,8191,0,0,0,0,1,0,31,7,3,0,15,254,15
160055,1970-01-02 09:00:10.235753,48.774,8,10.235752,48.773,1,0xcaf00370,0,0,2,8191,8191,1,0,0,0,1,0,31,7,3,0,15,254,15
160059,1970-01-02 09:00:10.236575,0.8220000000000001,8,10.236575,0.823,7,0xcaf00370,0,0,2,8191,8191,1,0,0,0,1,0,31,7,3,0,15,254,15
161123,1970-01-02 09:00:10.295886,59.311,8,10.295886,59.311,1,0xcaf00370,0,0,2,8191,8191,2,0,0,0,1,0,31,7,3,0,15,254,15
161134,1970-01-02 09:00:10.296729,0.843,8,10.296728,0.842,7,0xcaf00370,0,0,2,8191,8191,2,0,0,0,1,0,31,7,3,0,15,254,15
161858,1970-01-02 09:00:10.345677,48.948,8,10.345677,48.949,1,0xcaf00370,0,0,2,8191,8191,3,0,0,0,1,0,31,7,3,0,15,254,15
161864,1970-01-02 09:00:10.346460,0.7829999999999999,8,10.346459,0.782,7,0xcaf00370,0,0,2,8191,8191,3,0,0,0,1,0,31,7,3,0,15,254,15
162906,1970-01-02 09:00:10.406079,59.619,8,10.406078,59.619,1,0xcaf00370,0,0,2,8191,8191,0,0,0,0,1,0,31,7,3,0,15,254,15
162915,1970-01-02 09:00:10.406787,0.708,8,10.406786,0.708,7,0xcaf00370,0,0,2,8191,8191,0,0,0,0,1,0,31,7,3,0,15,254,15
163695,1970-01-02 09:00:10.455622,48.835,8,10.455621,48.835,1,0xcaf00370,0,0,2,8191,8191,1,0,0,0,1,0,31,7,3,0,15,254,15
163698,1970-01-02 09:00:10.456272,0.65,8,10.456271,0.65,7,0xcaf00370,0,0,2,8191,8191,1,0,0,0,1,0,31,7,3,0,15,254,15
164750,1970-01-02 09:00:10.515786,59.513999999999996,8,10.515786,59.515,1,0xcaf00370,0,0,2,8191,8191,2,0,0,0,1,0,31,7,3,0,15,254,15
164755,1970-01-02 09:00:10.516295,0.509,8,10.516294,0.508,7,0xcaf00370,0,0,2,8191,8191,2,0,0,0,1,0,31,7,3,0,15,254,15
165502,1970-01-02 09:00:10.565997,49.702000000000005,8,10.565997,49.703,1,0xcaf00370,0,0,2,8191,8191,3,0,0,0,1,0,31,7,3,0,15,254,15
165515,1970-01-02 09:00:10.566553,0.5559999999999999,8,10.566552,0.555,7,0xcaf00370,0,0,2,8191,8191,3,0,0,0,1,0,31,7,3,0,15,254,15
166537,1970-01-02 09:00:10.626043,59.49,8,10.626043,59.491,1,0xcaf00370,0,0,2,8191,8191,0,0,0,0,1,0,31,7,3,0,15,254,15
166538,1970-01-02 09:00:10.626491,0.448,8,10.626491,0.448,7,0xcaf00370,0,0,2,8191,8191,0,0,0,0,1,0,31,7,3,0,15,254,15
167372,1970-01-02 09:00:10.676347,49.855999999999995,8,10.676347,49.856,1,0xcaf00370,0,0,2,8191,8191,1,0,0,0,1,0,31,7,3,0,15,254,15
167375,1970-01-02 09:00:10.676732,0.38499999999999995,8,10.676732,0.385,7,0xcaf00370,0,0,2,8191,8191,1,0,0,0,1,0,31,7,3,0,15,254,15
168346,1970-01-02 09:00:10.735946,59.214000000000006,8,10.735946,59.214,1,0xcaf00370,0,0,2,8191,8191,2,0,0,0,1,0,31,7,3,0,15,254,15
168348,1970-01-02 09:00:10.736261,0.315,8,10.73626,0.314,7,0xcaf00370,0,0,2,8191,8191,2,0,0,0,1,0,31,7,3,0,15,254,15
169224,1970-01-02 09:00:10.786702,50.441,8,10.786702,50.442,1,0xcaf00370,0,0,2,8191,8191,3,0,0,0,1,0,31,7,3,0,15,254,15
169229,1970-01-02 09:00:10.786934,0.232,8,10.786934,0.232,7,0xcaf00370,0,0,2,8191,8191,3,0,0,0,1,0,31,7,3,0,15,254,15
170178,1970-01-02 09:00:10.845957,59.022999999999996,8,10.845956,59.022,1,0xcaf00370,0,0,2,8191,8191,0,0,0,0,1,0,31,7,3,0,15,254,15
170179,1970-01-02 09:00:10.846140,0.183,8,10.846139,0.183,7,0xcaf00370,0,0,2,8191,8191,0,0,0,0,1,0,31,7,3,0,15,254,15
171053,1970-01-02 09:00:10.896304,50.164,8,10.896304,50.165,1,0xcaf00370,0,0,2,8191,8191,1,0,0,0,1,0,31,7,3,0,15,254,15
171055,1970-01-02 09:00:10.896393,0.089,8,10.896392,0.088,7,0xcaf00370,0,0,2,8191,8191,1,0,0,0,1,0,31,7,3,0,15,254,15
172148,1970-01-02 09:00:10.966432,70.039,8,10.966431,70.039,1,0xcaf00370,0,0,2,8191,8191,2,0,0,0,1,0,31,7,3,0,15,254,15
172150,1970-01-02 09:00:10.966518,0.08600000000000001,8,10.966518,0.087,7,0xcaf00370,0,0,2,8191,8191,2,0,0,0,1,0,31,7,3,0,15,254,15
173040,1970-01-02 09:00:11.016246,49.728,8,11.016246,49.728,7,0xcaf00370,0,0,2,8191,8191,3,0,0,0,1,0,31,7,3,0,15,254,15
173041,1970-01-02 09:00:11.016264,0.018000000000000002,8,11.016264,0.018,1,0xcaf00370,0,0,2,8191,8191,3,0,0,0,1,0,31,7,3,0,15,254,15
174002,1970-01-02 09:00:11.076712,60.448,8,11.076712,60.448,7,0xcaf00370,0,0,2,8191,8191,0,0,0,0,1,0,31,7,3,0,15,254,15
174003,1970-01-02 09:00:11.076804,0.092,8,11.076804,0.092,1,0xcaf00370,0,0,2,8191,8191,0,0,0,0,1,0,31,7,3,0,15,254,15
174807,1970-01-02 09:00:11.126227,49.423,8,11.126226,49.422,7,0xcaf00370,0,0,2,8191,8191,1,0,0,0,1,0,31,7,3,0,15,254,15
174808,1970-01-02 09:00:11.126361,0.134,8,11.12636,0.134,1,0xcaf00370,0,0,2,8191,8191,1,0,0,0,1,0,31,7,3,0,15,254,15
175824,1970-01-02 09:00:11.186890,60.528999999999996,8,11.18689,60.53,7,0xcaf00370,0,0,2,8191,8191,2,0,0,0,1,0,31,7,3,0,15,254,15
175827,1970-01-02 09:00:11.187046,0.156,8,11.187045,0.155,1,0xcaf00370,0,0,2,8191,8191,2,0,0,0,1,0,31,7,3,0,15,254,15
176622,1970-01-02 09:00:11.236230,49.184,8,11.23623,49.185,7,0xcaf00370,0,0,2,8191,8191,3,0,0,0,1,0,31,7,3,0,15,254,15
176624,1970-01-02 09:00:11.236489,0.259,8,11.236489,0.259,1,0xcaf00370,0,0,2,8191,8191,3,0,0,0,1,0,31,7,3,0,15,254,15
177703,1970-01-02 09:00:11.296395,59.906,8,11.296394,59.905,7,0xcaf00370,0,0,2,8191,8191,0,0,0,0,1,0,31,7,3,0,15,254,15
177704,1970-01-02 09:00:11.296519,0.124,8,11.296519,0.125,1,0xcaf00370,0,0,2,8191,8191,0,0,0,0,1,0,31,7,3,0,15,254,15
178449,1970-01-02 09:00:11.346096,49.577000000000005,8,11.346095,49.576,7,0xcaf00370,0,0,2,8191,8191,1,0,0,0,1,0,31,7,3,0,15,254,15
178453,1970-01-02 09:00:11.346315,0.219,8,11.346315,0.22,1,0xcaf00370,0,0,2,8191,8191,1,0,0,0,1,0,31,7,3,0,15,254,15
179512,1970-01-02 09:00:11.406240,59.925,8,11.40624,59.925,7,0xcaf00370,0,0,2,8191,8191,2,0,0,0,1,0,31,7,3,0,15,254,15
179513,1970-01-02 09:00:11.406326,0.08600000000000001,8,11.406326,0.086,1,0xcaf00370,0,0,2,8191,8191,2,0,0,0,1,0,31,7,3,0,15,254,15
180386,1970-01-02 09:00:11.456139,49.813,8,11.456138,49.812,7,0xcaf00370,0,0,2,8191,8191,3,0,0,0,1,0,31,7,3,0,15,254,15
180387,1970-01-02 09:00:11.456254,0.115,8,11.456254,0.116,1,0xcaf00370,0,0,2,8191,8191,3,0,0,0,1,0,31,7,3,0,15,254,15
181285,1970-01-02 09:00:11.506382,50.128,8,11.506382,50.128,7,0xcaf00370,0,0,2,8191,8191,0,0,0,0,1,0,31,7,3,0,15,254,15
181286,1970-01-02 09:00:11.506496,0.114,8,11.506496,0.114,1,0xcaf00370,0,0,2,8191,8191,0,0,0,0,1,0,31,7,3,0,15,254,15
182021,1970-01-02 09:00:11.556388,49.891999999999996,8,11.556387,49.891,7,0xcaf00370,0,0,2,8191,8191,1,0,0,0,1,0,31,7,3,0,15,254,15
182023,1970-01-02 09:00:11.556602,0.214,8,11.556601,0.214,1,0xcaf00370,0,0,2,8191,8191,1,0,0,0,1,0,31,7,3,0,15,254,15
183198,1970-01-02 09:00:11.626210,69.608,8,11.626209,69.608,7,0xcaf00370,0,0,2,8191,8191,2,0,0,0,1,0,31,7,3,0,15,254,15
183199,1970-01-02 09:00:11.626318,0.108,8,11.626317,0.108,1,0xcaf00370,0,0,2,8191,8191,2,0,0,0,1,0,31,7,3,0,15,254,15
184027,1970-01-02 09:00:11.676678,50.36,8,11.676678,50.361,7,0xcaf00370,0,0,2,8191,8191,3,0,0,0,1,0,31,7,3,0,15,254,15
184029,1970-01-02 09:00:11.676781,0.103,8,11.676781,0.103,1,0xcaf00370,0,0,2,8191,8191,3,0,0,0,1,0,31,7,3,0,15,254,15
184860,1970-01-02 09:00:11.726463,49.681999999999995,8,11.726462,49.681,7,0xcaf00370,0,0,2,8191,8191,0,0,0,0,1,0,31,7,3,0,15,254,15
184861,1970-01-02 09:00:11.726564,0.101,8,11.726563,0.101,1,0xcaf00370,0,0,2,8191,8191,0,0,0,0,1,0,31,7,3,0,15,254,15
185719,1970-01-02 09:00:11.776923,50.359,8,11.776923,50.36,7,0xcaf00370,0,0,2,8191,8191,1,0,0,0,1,0,31,7,3,0,15,254,15
185720,1970-01-02 09:00:11.777021,0.098,8,11.777021,0.098,1,0xcaf00370,0,0,2,8191,8191,1,0,0,0,1,0,31,7,3,0,15,254,15
186683,1970-01-02 09:00:11.836104,59.083,8,11.836103,59.082,7,0xcaf00370,0,0,2,8191,8191,2,0,0,0,1,0,31,7,3,0,15,254,15
186685,1970-01-02 09:00:11.836237,0.133,8,11.836236,0.133,1,0xcaf00370,0,0,2,8191,8191,2,0,0,0,1,0,31,7,3,0,15,254,15
187588,1970-01-02 09:00:11.886835,50.598,8,11.886835,50.599,7,0xcaf00370,0,0,2,8191,8191,3,0,0,0,1,0,31,7,3,0,15,254,15
187590,1970-01-02 09:00:11.886951,0.116,8,11.886951,0.116,1,0xcaf00370,0,0,2,8191,8191,3,0,0,0,1,0,31,7,3,0,15,254,15
188554,1970-01-02 09:00:11.946258,59.307,8,11.946258,59.307,7,0xcaf00370,0,0,2,8191,8191,0,0,0,0,1,0,31,7,3,0,15,254,15
188556,1970-01-02 09:00:11.946324,0.066,8,11.946323,0.065,1,0xcaf00370,0,0,2,8191,8191,0,0,0,0,1,0,31,7,3,0,15,254,15
189419,1970-01-02 09:00:11.996263,49.939,8,11.996262,49.939,7,0xcaf00370,0,0,2,8191,8191,1,0,0,0,1,0,31,7,3,0,15,254,15
189421,1970-01-02 09:00:11.996331,0.068,8,11.99633,0.068,1,0xcaf00370,0,0,2,8191,8191,1,0,0,0,1,0,31,7,3,0,15,254,15
190357,1970-01-02 09:00:12.056400,60.068999999999996,8,12.056399,60.069,7,0xcaf00370,0,0,2,8191,8191,2,0,0,0,1,0,31,7,3,0,15,254,15
190358,1970-01-02 09:00:12.056439,0.039,8,12.056439,0.04,1,0xcaf00370,0,0,2,8191,8191,2,0,0,0,1,0,31,7,3,0,15,254,15
191195,1970-01-02 09:00:12.106101,49.662,8,12.1061,49.661,7,0xcaf00370,0,0,2,8191,8191,3,0,0,0,1,0,31,7,3,0,15,254,15
191197,1970-01-02 09:00:12.106127,0.026,8,12.106127,0.027,1,0xcaf00370,0,0,2,8191,8191,3,0,0,0,1,0,31,7,3,0,15,254,15
192134,1970-01-02 09:00:12.166438,60.311,8,12.166438,60.311,1,0xcaf00370,0,0,2,8191,8191,0,0,0,0,1,0,31,7,3,0,15,254,15
192138,1970-01-02 09:00:12.166505,0.067,8,12.166504,0.066,7,0xcaf00370,0,0,2,8191,8191,0,0,0,0,1,0,31,7,3,0,15,254,15
193028,1970-01-02 09:00:12.216225,49.72,8,12.216224,49.72,7,0xcaf00370,0,0,2,8191,8191,1,0,0,0,1,0,31,7,3,0,15,254,15
193029,1970-01-02 09:00:12.216239,0.014,8,12.216239,0.015,1,0xcaf00370,0,0,2,8191,8191,1,0,0,0,1,0,31,7,3,0,15,254,15
194019,1970-01-02 09:00:12.276492,60.253,8,12.276491,60.252,7,0xcaf00370,0,0,2,8191,8191,2,0,0,0,1,0,31,7,3,0,15,254,15
194020,1970-01-02 09:00:12.276533,0.041,8,12.276532,0.041,1,0xcaf00370,0,0,2,8191,8191,2,0,0,0,1,0,31,7,3,0,15,254,15
194823,1970-01-02 09:00:12.326243,49.709999999999994,8,12.326243,49.711,7,0xcaf00370,0,0,2,8191,8191,3,0,0,0,1,0,31,7,3,0,15,254,15
194824,1970-01-02 09:00:12.326245,0.002,8,12.326245,0.002,1,0xcaf00370,0,0,2,8191,8191,3,0,0,0,1,0,31,7,3,0,15,254,15
195662,1970-01-02 09:00:12.377125,50.88,8,12.377124,50.879,1,0xcaf00370,0,0,2,8191,8191,0,0,0,0,1,0,31,7,3,0,15,254,15
195663,1970-01-02 09:00:12.377127,0.002,8,12.377126,0.002,7,0xcaf00370,0,0,2,8191,8191,0,0,0,0,1,0,31,7,3,0,15,254,15
196502,1970-01-02 09:00:12.427075,49.948,8,12.427074,49.948,1,0xcaf00370,0,0,2,8191,8191,1,0,0,0,1,0,31,7,3,0,15,254,15
196503,1970-01-02 09:00:12.427083,0.008,8,12.427083,0.009,7,0xcaf00370,0,0,2,8191,8191,1,0,0,0,1,0,31,7,3,0,15,254,15
197530,1970-01-02 09:00:12.487155,60.072,8,12.487154,60.071,1,0xcaf00370,0,0,2,8191,8191,2,0,0,0,1,0,31,7,3,0,15,254,15
197531,1970-01-02 09:00:12.487169,0.014,8,12.487169,0.015,7,0xcaf00370,0,0,2,8191,8191,2,0,0,0,1,0,31,7,3,0,15,254,15
198320,1970-01-02 09:00:12.536229,49.06,8,12.536229,49.06,1,0xcaf00370,0,0,2,8191,8191,3,0,0,0,1,0,31,7,3,0,15,254,15
198321,1970-01-02 09:00:12.536246,0.017,8,12.536246,0.017,7,0xcaf00370,0,0,2,8191,8191,3,0,0,0,1,0,31,7,3,0,15,254,15
199327,1970-01-02 09:00:12.596311,60.065,8,12.59631,60.064,1,0xcaf00370,0,0,2,8191,8191,0,0,0,0,1,0,31,7,3,0,15,254,15
199328,1970-01-02 09:00:12.596323,0.012,8,12.596322,0.012,7,0xcaf00370,0,0,2,8191,8191,0,0,0,0,1,0,31,7,3,0,15,254,15
200091,1970-01-02 09:00:12.646113,49.79,8,12.646112,49.79,1,0xcaf00370,0,0,2,8191,8191,1,0,0,0,1,0,31,7,3,0,15,254,15
200092,1970-01-02 09:00:12.646143,0.030000000000000002,8,12.646142,0.03,7,0xcaf00370,0,0,2,8191,8191,1,0,0,0,1,0,31,7,3,0,15,254,15
201118,1970-01-02 09:00:12.706112,59.969,8,12.706111,59.969,1,0xcaf00370,0,0,2,8191,8191,2,0,0,0,1,0,31,7,3,0,15,254,15
201119,1970-01-02 09:00:12.706147,0.034999999999999996,8,12.706146,0.035,7,0xcaf00370,0,0,2,8191,8191,2,0,0,0,1,0,31,7,3,0,15,254,15
201889,1970-01-02 09:00:12.756284,50.137,8,12.756284,50.138,7,0xcaf00370,0,0,2,8191,8191,3,0,0,0,1,0,31,7,3,0,15,254,15
201891,1970-01-02 09:00:12.756425,0.14100000000000001,8,12.756424,0.14,1,0xcaf00370,0,0,2,8191,8191,3,0,0,0,1,0,31,7,3,0,15,254,15
203016,1970-01-02 09:00:12.817781,61.356,8,12.817781,61.357,1,0xcaf00370,0,0,2,8191,8191,0,0,0,0,1,0,31,7,3,0,15,254,15
203017,1970-01-02 09:00:12.817848,0.067,8,12.817848,0.067,7,0xcaf00370,0,0,2,8191,8191,0,0,0,0,1,0,31,7,3,0,15,254,15
203736,1970-01-02 09:00:12.866430,48.582,8,12.86643,48.582,1,0xcaf00370,0,0,2,8191,8191,1,0,0,0,1,0,31,7,3,0,15,254,15
203743,1970-01-02 09:00:12.866577,0.147,8,12.866576,0.146,7,0xcaf00370,0,0,2,8191,8191,1,0,0,0,1,0,31,7,3,0,15,254,15
204772,1970-01-02 09:00:12.926357,59.78,8,12.926357,59.781,1,0xcaf00370,0,0,2,8191,8191,2,0,0,0,1,0,31,7,3,0,15,254,15
204773,1970-01-02 09:00:12.926403,0.046,8,12.926403,0.046,7,0xcaf00370,0,0,2,8191,8191,2,0,0,0,1,0,31,7,3,0,15,254,15
205604,1970-01-02 09:00:12.976699,50.296,8,12.976698,50.295,1,0xcaf00370,0,0,2,8191,8191,3,0,0,0,1,0,31,7,3,0,15,254,15
205605,1970-01-02 09:00:12.976746,0.047,8,12.976745,0.047,7,0xcaf00370,0,0,2,8191,8191,3,0,0,0,1,0,31,7,3,0,15,254,15
206671,1970-01-02 09:00:13.046128,69.382,8,13.046128,69.383,1,0xcaf00370,0,0,2,8191,8191,0,0,0,0,1,0,31,7,3,0,15,254,15
206672,1970-01-02 09:00:13.046172,0.044,8,13.046172,0.044,7,0xcaf00370,0,0,2,8191,8191,0,0,0,0,1,0,31,7,3,0,15,254,15
207544,1970-01-02 09:00:13.096316,50.144,8,13.096315,50.143,1,0xcaf00370,0,0,2,8191,8191,1,0,0,0,1,0,31,7,3,0,15,254,15
207546,1970-01-02 09:00:13.096360,0.044,8,13.09636,0.045,7,0xcaf00370,0,0,2,8191,8191,1,0,0,0,1,0,31,7,3,0,15,254,15
208322,1970-01-02 09:00:13.146737,50.376999999999995,8,13.146736,50.376,1,0xcaf00370,0,0,2,8191,8191,2,0,0,0,1,0,31,7,3,0,15,254,15
208323,1970-01-02 09:00:13.146781,0.044,8,13.146781,0.045,7,0xcaf00370,0,0,2,8191,8191,2,0,0,0,1,0,31,7,3,0,15,254,15
209228,1970-01-02 09:00:13.196358,49.577000000000005,8,13.196357,49.576,7,0xcaf00370,0,0,2,8191,8191,3,0,0,0,1,0,31,7,3,0,15,254,15
209229,1970-01-02 09:00:13.196459,0.101,8,13.196459,0.102,1,0xcaf00370,0,0,2,8191,8191,3,0,0,0,1,0,31,7,3,0,15,254,15
210164,1970-01-02 09:00:13.256544,60.085,8,13.256543,60.084,1,0xcaf00370,0,0,2,8191,8191,0,0,0,0,1,0,31,7,3,0,15,254,15
210165,1970-01-02 09:00:13.256591,0.047,8,13.25659,0.047,7,0xcaf00370,0,0,2,8191,8191,0,0,0,0,1,0,31,7,3,0,15,254,15
211034,1970-01-02 09:00:13.306112,49.521,8,13.306111,49.521,1,0xcaf00370,0,0,2,8191,8191,1,0,0,0,1,0,31,7,3,0,15,254,15
211035,1970-01-02 09:00:13.306159,0.047,8,13.306158,0.047,7,0xcaf00370,0,0,2,8191,8191,1,0,0,0,1,0,31,7,3,0,15,254,15
211985,1970-01-02 09:00:13.366436,60.276999999999994,8,13.366436,60.278,1,0xcaf00370,0,0,2,8191,8191,2,0,0,0,1,0,31,7,3,0,15,254,15
211991,1970-01-02 09:00:13.366574,0.13799999999999998,8,13.366573,0.137,7,0xcaf00370,0,0,2,8191,8191,2,0,0,0,1,0,31,7,3,0,15,254,15
212892,1970-01-02 09:00:13.416236,49.662,8,13.416236,49.663,1,0xcaf00370,0,0,2,8191,8191,3,0,0,0,1,0,31,7,3,0,15,254,15
212893,1970-01-02 09:00:13.416276,0.04,8,13.416275,0.039,7,0xcaf00370,0,0,2,8191,8191,3,0,0,0,1,0,31,7,3,0,15,254,15
213915,1970-01-02 09:00:13.476441,60.165000000000006,8,13.476441,60.166,1,0xcaf00370,0,0,2,8191,8191,0,0,0,0,1,0,31,7,3,0,15,254,15
213916,1970-01-02 09:00:13.476491,0.05,8,13.476491,0.05,7,0xcaf00370,0,0,2,8191,8191,0,0,0,0,1,0,31,7,3,0,15,254,15
214724,1970-01-02 09:00:13.526232,49.741,8,13.526232,49.741,1,0xcaf00370,0,0,2,8191,8191,1,0,0,0,1,0,31,7,3,0,15,254,15
214725,1970-01-02 09:00:13.526284,0.052,8,13.526283,0.051,7,0xcaf00370,0,0,2,8191,8191,1,0,0,0,1,0,31,7,3,0,15,254,15
215718,1970-01-02 09:00:13.586882,60.598,8,13.586882,60.599,1,0xcaf00370,0,0,2,8191,8191,2,0,0,0,1,0,31,7,3,0,15,254,15
215719,1970-01-02 09:00:13.586901,0.019,8,13.586901,0.019,7,0xcaf00370,0,0,2,8191,8191,2,0,0,0,1,0,31,7,3,0,15,254,15
216505,1970-01-02 09:00:13.636189,49.288,8,13.636188,49.287,1,0xcaf00370,0,0,2,8191,8191,3,0,0,0,1,0,31,7,3,0,15,254,15
216506,1970-01-02 09:00:13.636201,0.012,8,13.636201,0.013,7,0xcaf00370,0,0,2,8191,8191,3,0,0,0,1,0,31,7,3,0,15,254,15
217489,1970-01-02 09:00:13.692823,56.622,8,13.692823,56.622,7,0xcaf00370,0,0,2,8191,8191,0,0,0,0,1,0,31,7,3,0,15,254,15
217490,1970-01-02 09:00:13.692906,0.083,8,13.692906,0.083,1,0xcaf00370,0,0,2,8191,8191,0,0,0,0,1,0,31,7,3,0,15,254,15
218170,1970-01-02 09:00:13.736191,43.285,8,13.73619,43.284,7,0xcaf00370,0,0,2,8191,8191,1,0,0,0,1,0,31,7,3,0,15,254,15
218171,1970-01-02 09:00:13.736191,0.0,8,13.736191,0.001,1,0xcaf00370,0,0,2,8191,8191,1,0,0,0,1,0,31,7,3,0,15,254,15
219238,1970-01-02 09:00:13.796300,60.109,8,13.7963,60.109,1,0xcaf00370,0,0,2,8191,8191,2,0,0,0,1,0,31,7,3,0,15,254,15
219239,1970-01-02 09:00:13.796332,0.032,8,13.796331,0.031,7,0xcaf00370,0,0,2,8191,8191,2,0,0,0,1,0,31,7,3,0,15,254,15
219987,1970-01-02 09:00:13.846092,49.76,8,13.846092,49.761,1,0xcaf00370,0,0,2,8191,8191,3,0,0,0,1,0,31,7,3,0,15,254,15
219988,1970-01-02 09:00:13.846148,0.056,8,13.846147,0.055,7,0xcaf00370,0,0,2,8191,8191,3,0,0,0,1,0,31,7,3,0,15,254,15
221014,1970-01-02 09:00:13.906345,60.197,8,13.906344,60.197,1,0xcaf00370,0,0,2,8191,8191,0,0,0,0,1,0,31,7,3,0,15,254,15
221016,1970-01-02 09:00:13.906400,0.055,8,13.9064,0.056,7,0xcaf00370,0,0,2,8191,8191,0,0,0,0,1,0,31,7,3,0,15,254,15
221793,1970-01-02 09:00:13.956085,49.685,8,13.956085,49.685,1,0xcaf00370,0,0,2,8191,8191,1,0,0,0,1,0,31,7,3,0,15,254,15
221794,1970-01-02 09:00:13.956142,0.057,8,13.956141,0.056,7,0xcaf00370,0,0,2,8191,8191,1,0,0,0,1,0,31,7,3,0,15,254,15
222839,1970-01-02 09:00:14.016189,60.047000000000004,8,14.016189,60.048,7,0xcaf00370,0,0,2,8191,8191,2,0,0,0,1,0,31,7,3,0,15,254,15
222840,1970-01-02 09:00:14.016227,0.038,8,14.016226,0.037,1,0xcaf00370,0,0,2,8191,8191,2,0,0,0,1,0,31,7,3,0,15,254,15
223599,1970-01-02 09:00:14.066413,50.186,8,14.066412,50.186,1,0xcaf00370,0,0,2,8191,8191,3,0,0,0,1,0,31,7,3,0,15,254,15
223604,1970-01-02 09:00:14.066565,0.152,8,14.066565,0.153,7,0xcaf00370,0,0,2,8191,8191,3,0,0,0,1,0,31,7,3,0,15,254,15
224601,1970-01-02 09:00:14.126234,59.669,8,14.126233,59.668,1,0xcaf00370,0,0,2,8191,8191,0,0,0,0,1,0,31,7,3,0,15,254,15
224602,1970-01-02 09:00:14.126290,0.056,8,14.12629,0.057,7,0xcaf00370,0,0,2,8191,8191,0,0,0,0,1,0,31,7,3,0,15,254,15
225463,1970-01-02 09:00:14.176959,50.669,8,14.176958,50.668,1,0xcaf00370,0,0,2,8191,8191,1,0,0,0,1,0,31,7,3,0,15,254,15
225465,1970-01-02 09:00:14.177019,0.060000000000000005,8,14.177019,0.061,7,0xcaf00370,0,0,2,8191,8191,1,0,0,0,1,0,31,7,3,0,15,254,15
226433,1970-01-02 09:00:14.236416,59.397,8,14.236415,59.396,7,0xcaf00370,0,0,2,8191,8191,2,0,0,0,1,0,31,7,3,0,15,254,15
226434,1970-01-02 09:00:14.236445,0.029,8,14.236444,0.029,1,0xcaf00370,0,0,2,8191,8191,2,0,0,0,1,0,31,7,3,0,15,254,15
227313,1970-01-02 09:00:14.286854,50.409,8,14.286853,50.409,1,0xcaf00370,0,0,2,8191,8191,3,0,0,0,1,0,31,7,3,0,15,254,15
227314,1970-01-02 09:00:14.286866,0.012,8,14.286865,0.012,7,0xcaf00370,0,0,2,8191,8191,3,0,0,0,1,0,31,7,3,0,15,254,15
228267,1970-01-02 09:00:14.346053,59.187,8,14.346052,59.187,1,0xcaf00370,0,0,2,8191,8191,0,0,0,0,1,0,31,7,3,0,15,254,15
228268,1970-01-02 09:00:14.346124,0.07100000000000001,8,14.346124,0.072,7,0xcaf00370,0,0,2,8191,8191,0,0,0,0,1,0,31,7,3,0,15,254,15
229174,1970-01-02 09:00:14.396288,50.164,8,14.396288,50.164,1,0xcaf00370,0,0,2,8191,8191,1,0,0,0,1,0,31,7,3,0,15,254,15
229175,1970-01-02 09:00:14.396325,0.037,8,14.396324,0.036,7,0xcaf00370,0,0,2,8191,8191,1,0,0,0,1,0,31,7,3,0,15,254,15
230209,1970-01-02 09:00:14.456068,59.742999999999995,8,14.456067,59.743,1,0xcaf00370,0,0,2,8191,8191,2,0,0,0,1,0,31,7,3,0,15,254,15
230210,1970-01-02 09:00:14.456147,0.079,8,14.456146,0.079,7,0xcaf00370,0,0,2,8191,8191,2,0,0,0,1,0,31,7,3,0,15,254,15
231081,1970-01-02 09:00:14.506091,49.944,8,14.50609,49.944,1,0xcaf00370,0,0,2,8191,8191,3,0,0,0,1,0,31,7,3,0,15,254,15
231082,1970-01-02 09:00:14.506175,0.08399999999999999,8,14.506174,0.084,7,0xcaf00370,0,0,2,8191,8191,3,0,0,0,1,0,31,7,3,0,15,254,15
232252,1970-01-02 09:00:14.576393,70.218,8,14.576393,70.219,1,0xcaf00370,0,0,2,8191,8191,0,0,0,0,1,0,31,7,3,0,15,254,15
232255,1970-01-02 09:00:14.576621,0.228,8,14.57662,0.227,7,0xcaf00370,0,0,2,8191,8191,0,0,0,0,1,0,31,7,3,0,15,254,15
233010,1970-01-02 09:00:14.626100,49.479,8,14.6261,49.48,1,0xcaf00370,0,0,2,8191,8191,1,0,0,0,1,0,31,7,3,0,15,254,15
233011,1970-01-02 09:00:14.626193,0.093,8,14.626193,0.093,7,0xcaf00370,0,0,2,8191,8191,1,0,0,0,1,0,31,7,3,0,15,254,15
233868,1970-01-02 09:00:14.676481,50.288,8,14.676481,50.288,1,0xcaf00370,0,0,2,8191,8191,2,0,0,0,1,0,31,7,3,0,15,254,15
233872,1970-01-02 09:00:14.676618,0.13699999999999998,8,14.676618,0.137,7,0xcaf00370,0,0,2,8191,8191,2,0,0,0,1,0,31,7,3,0,15,254,15
234667,1970-01-02 09:00:14.726176,49.558,8,14.726176,49.558,1,0xcaf00370,0,0,2,8191,8191,3,0,0,0,1,0,31,7,3,0,15,254,15
234668,1970-01-02 09:00:14.726275,0.09899999999999999,8,14.726274,0.098,7,0xcaf00370,0,0,2,8191,8191,3,0,0,0,1,0,31,7,3,0,15,254,15
235727,1970-01-02 09:00:14.786789,60.513999999999996,8,14.786788,60.514,1,0xcaf00370,0,0,2,8191,8191,0,0,0,0,1,0,31,7,3,0,15,254,15
235729,1970-01-02 09:00:14.786866,0.077,8,14.786865,0.077,7,0xcaf00370,0,0,2,8191,8191,0,0,0,0,1,0,31,7,3,0,15,254,15
236531,1970-01-02 09:00:14.838109,51.242999999999995,8,14.838109,51.244,1,0xcaf00370,0,0,2,8191,8191,1,0,0,0,1,0,31,7,3,0,15,254,15
236532,1970-01-02 09:00:14.838216,0.107,8,14.838215,0.106,7,0xcaf00370,0,0,2,8191,8191,1,0,0,0,1,0,31,7,3,0,15,254,15
237598,1970-01-02 09:00:14.896200,57.984,8,14.896199,57.984,1,0xcaf00370,0,0,2,8191,8191,2,0,0,0,1,0,31,7,3,0,15,254,15
237601,1970-01-02 09:00:14.896317,0.11699999999999999,8,14.896316,0.117,7,0xcaf00370,0,0,2,8191,8191,2,0,0,0,1,0,31,7,3,0,15,254,15
238380,1970-01-02 09:00:14.946006,49.689,8,14.946006,49.69,1,0xcaf00370,0,0,2,8191,8191,3,0,0,0,1,0,31,7,3,0,15,254,15
238382,1970-01-02 09:00:14.946133,0.127,8,14.946132,0.126,7,0xcaf00370,0,0,2,8191,8191,3,0,0,0,1,0,31,7,3,0,15,254,15
239392,1970-01-02 09:00:15.006113,59.98,8,15.006113,59.981,1,0xcaf00370,0,0,2,8191,8191,0,0,0,0,1,0,31,7,3,0,15,254,15
239393,1970-01-02 09:00:15.006186,0.073,8,15.006186,0.073,7,0xcaf00370,0,0,2,8191,8191,0,0,0,0,1,0,31,7,3,0,15,254,15
240160,1970-01-02 09:00:15.056033,49.847,8,15.056032,49.846,1,0xcaf00370,0,0,2,8191,8191,1,0,0,0,1,0,31,7,3,0,15,254,15
240161,1970-01-02 09:00:15.056177,0.14400000000000002,8,15.056176,0.144,7,0xcaf00370,0,0,2,8191,8191,1,0,0,0,1,0,31,7,3,0,15,254,15
241163,1970-01-02 09:00:15.116022,59.845,8,15.116022,59.846,1,0xcaf00370,0,0,2,8191,8191,2,0,0,0,1,0,31,7,3,0,15,254,15
241164,1970-01-02 09:00:15.116175,0.153,8,15.116175,0.153,7,0xcaf00370,0,0,2,8191,8191,2,0,0,0,1,0,31,7,3,0,15,254,15
241910,1970-01-02 09:00:15.166309,50.134,8,15.166309,50.134,1,0xcaf00370,0,0,2,8191,8191,3,0,0,0,1,0,31,7,3,0,15,254,15
241919,1970-01-02 09:00:15.166563,0.254,8,15.166562,0.253,7,0xcaf00370,0,0,2,8191,8191,3,0,0,0,1,0,31,7,3,0,15,254,15
242931,1970-01-02 09:00:15.226155,59.592,8,15.226154,59.592,1,0xcaf00370,0,0,2,8191,8191,0,0,0,0,1,0,31,7,3,0,15,254,15
242932,1970-01-02 09:00:15.226312,0.157,8,15.226312,0.158,7,0xcaf00370,0,0,2,8191,8191,0,0,0,0,1,0,31,7,3,0,15,254,15
243819,1970-01-02 09:00:15.276221,49.909,8,15.27622,49.908,7,0xcaf00370,0,0,2,8191,8191,1,0,0,0,1,0,31,7,3,0,15,254,15
243820,1970-01-02 09:00:15.276317,0.096,8,15.276316,0.096,1,0xcaf00370,0,0,2,8191,8191,1,0,0,0,1,0,31,7,3,0,15,254,15
244769,1970-01-02 09:00:15.335993,59.676,8,15.335993,59.677,1,0xcaf00370,0,0,2,8191,8191,2,0,0,0,1,0,31,7,3,0,15,254,15
244771,1970-01-02 09:00:15.336153,0.16,8,15.336152,0.159,7,0xcaf00370,0,0,2,8191,8191,2,0,0,0,1,0,31,7,3,0,15,254,15
245656,1970-01-02 09:00:15.386753,50.6,8,15.386753,50.601,1,0xcaf00370,0,0,2,8191,8191,3,0,0,0,1,0,31,7,3,0,15,254,15
245659,1970-01-02 09:00:15.386909,0.156,8,15.386908,0.155,7,0xcaf00370,0,0,2,8191,8191,3,0,0,0,1,0,31,7,3,0,15,254,15
246792,1970-01-02 09:00:15.456010,69.101,8,15.45601,69.102,1,0xcaf00370,0,0,2,8191,8191,0,0,0,0,1,0,31,7,3,0,15,254,15
246794,1970-01-02 09:00:15.456174,0.164,8,15.456173,0.163,7,0xcaf00370,0,0,2,8191,8191,0,0,0,0,1,0,31,7,3,0,15,254,15
247636,1970-01-02 09:00:15.506301,50.126999999999995,8,15.5063,50.127,1,0xcaf00370,0,0,2,8191,8191,1,0,0,0,1,0,31,7,3,0,15,254,15
247637,1970-01-02 09:00:15.506465,0.164,8,15.506464,0.164,7,0xcaf00370,0,0,2,8191,8191,1,0,0,0,1,0,31,7,3,0,15,254,15
248409,1970-01-02 09:00:15.556033,49.568,8,15.556033,49.569,1,0xcaf00370,0,0,2,8191,8191,2,0,0,0,1,0,31,7,3,0,15,254,15
248410,1970-01-02 09:00:15.556197,0.164,8,15.556196,0.163,7,0xcaf00370,0,0,2,8191,8191,2,0,0,0,1,0,31,7,3,0,15,254,15
249278,1970-01-02 09:00:15.606330,50.132999999999996,8,15.60633,50.134,1,0xcaf00370,0,0,2,8191,8191,3,0,0,0,1,0,31,7,3,0,15,254,15
249280,1970-01-02 09:00:15.606498,0.16799999999999998,8,15.606497,0.167,7,0xcaf00370,0,0,2,8191,8191,3,0,0,0,1,0,31,7,3,0,15,254,15
250452,1970-01-02 09:00:15.676367,69.869,8,15.676367,69.87,1,0xcaf00370,0,0,2,8191,8191,0,0,0,0,1,0,31,7,3,0,15,254,15
250453,1970-01-02 09:00:15.676535,0.16799999999999998,8,15.676535,0.168,7,0xcaf00370,0,0,2,8191,8191,0,0,0,0,1,0,31,7,3,0,15,254,15
251254,1970-01-02 09:00:15.726135,49.6,8,15.726134,49.599,1,0xcaf00370,0,0,2,8191,8191,1,0,0,0,1,0,31,7,3,0,15,254,15
251255,1970-01-02 09:00:15.726252,0.11699999999999999,8,15.726252,0.118,7,0xcaf00370,0,0,2,8191,8191,1,0,0,0,1,0,31,7,3,0,15,254,15
252479,1970-01-02 09:00:15.795943,69.691,8,15.795942,69.69,1,0xcaf00370,0,0,2,8191,8191,2,0,0,0,1,0,31,7,3,0,15,254,15
252480,1970-01-02 09:00:15.796113,0.17,8,15.796113,0.171,7,0xcaf00370,0,0,2,8191,8191,2,0,0,0,1,0,31,7,3,0,15,254,15
253272,1970-01-02 09:00:15.847724,51.611,8,15.847723,51.61,1,0xcaf00370,0,0,2,8191,8191,3,0,0,0,1,0,31,7,3,0,15,254,15
253275,1970-01-02 09:00:15.847895,0.171,8,15.847895,0.172,7,0xcaf00370,0,0,2,8191,8191,3,0,0,0,1,0,31,7,3,0,15,254,15
254288,1970-01-02 09:00:15.905753,57.858,8,15.905753,57.858,1,0xcaf00370,0,0,2,8191,8191,0,0,0,0,1,0,31,7,3,0,15,254,15
254291,1970-01-02 09:00:15.906007,0.254,8,15.906007,0.254,7,0xcaf00370,0,0,2,8191,8191,0,0,0,0,1,0,31,7,3,0,15,254,15
255077,1970-01-02 09:00:15.955751,49.744,8,15.955751,49.744,1,0xcaf00370,0,0,2,8191,8191,1,0,0,0,1,0,31,7,3,0,15,254,15
255078,1970-01-02 09:00:15.955922,0.171,8,15.955921,0.17,7,0xcaf00370,0,0,2,8191,8191,1,0,0,0,1,0,31,7,3,0,15,254,15
256107,1970-01-02 09:00:16.015778,59.856,8,16.015778,59.857,1,0xcaf00370,0,0,2,8191,8191,2,0,0,0,1,0,31,7,3,0,15,254,15
256109,1970-01-02 09:00:16.015939,0.161,8,16.015938,0.16,7,0xcaf00370,0,0,2,8191,8191,2,0,0,0,1,0,31,7,3,0,15,254,15
256839,1970-01-02 09:00:16.065965,50.026,8,16.065965,50.027,1,0xcaf00370,0,0,2,8191,8191,3,0,0,0,1,0,31,7,3,0,15,254,15
256846,1970-01-02 09:00:16.066265,0.3,8,16.066264,0.299,7,0xcaf00370,0,0,2,8191,8191,3,0,0,0,1,0,31,7,3,0,15,254,15
257845,1970-01-02 09:00:16.125929,59.664,8,16.125928,59.664,1,0xcaf00370,0,0,2,8191,8191,0,0,0,0,1,0,31,7,3,0,15,254,15
257846,1970-01-02 09:00:16.126100,0.171,8,16.1261,0.172,7,0xcaf00370,0,0,2,8191,8191,0,0,0,0,1,0,31,7,3,0,15,254,15
258725,1970-01-02 09:00:16.176343,50.243,8,16.176343,50.243,1,0xcaf00370,0,0,2,8191,8191,1,0,0,0,1,0,31,7,3,0,15,254,15
258727,1970-01-02 09:00:16.176518,0.175,8,16.176517,0.174,7,0xcaf00370,0,0,2,8191,8191,1,0,0,0,1,0,31,7,3,0,15,254,15
259688,1970-01-02 09:00:16.236041,59.522999999999996,8,16.23604,59.523,1,0xcaf00370,0,0,2,8191,8191,2,0,0,0,1,0,31,7,3,0,15,254,15
259690,1970-01-02 09:00:16.236216,0.175,8,16.236215,0.175,7,0xcaf00370,0,0,2,8191,8191,2,0,0,0,1,0,31,7,3,0,15,254,15
260588,1970-01-02 09:00:16.286794,50.577999999999996,8,16.286793,50.578,1,0xcaf00370,0,0,2,8191,8191,3,0,0,0,1,0,31,7,3,0,15,254,15
260592,1970-01-02 09:00:16.286947,0.153,8,16.286946,0.153,7,0xcaf00370,0,0,2,8191,8191,3,0,0,0,1,0,31,7,3,0,15,254,15
261513,1970-01-02 09:00:16.346044,59.096999999999994,8,16.346043,59.097,1,0xcaf00370,0,0,2,8191,8191,0,0,0,0,1,0,31,7,3,0,15,254,15
261516,1970-01-02 09:00:16.346222,0.178,8,16.346221,0.178,7,0xcaf00370,0,0,2,8191,8191,0,0,0,0,1,0,31,7,3,0,15,254,15
262433,1970-01-02 09:00:16.396263,50.041000000000004,8,16.396262,50.041,1,0xcaf00370,0,0,2,8191,8191,1,0,0,0,1,0,31,7,3,0,15,254,15
262434,1970-01-02 09:00:16.396386,0.12300000000000001,8,16.396386,0.124,7,0xcaf00370,0,0,2,8191,8191,1,0,0,0,1,0,31,7,3,0,15,254,15
263401,1970-01-02 09:00:16.456090,59.704,8,16.456089,59.703,1,0xcaf00370,0,0,2,8191,8191,2,0,0,0,1,0,31,7,3,0,15,254,15
263402,1970-01-02 09:00:16.456270,0.18000000000000002,8,16.45627,0.181,7,0xcaf00370,0,0,2,8191,8191,2,0,0,0,1,0,31,7,3,0,15,254,15
264275,1970-01-02 09:00:16.506167,49.897,8,16.506167,49.897,1,0xcaf00370,0,0,2,8191,8191,3,0,0,0,1,0,31,7,3,0,15,254,15
264276,1970-01-02 09:00:16.506269,0.102,8,16.506268,0.101,7,0xcaf00370,0,0,2,8191,8191,3,0,0,0,1,0,31,7,3,0,15,254,15
265208,1970-01-02 09:00:16.566409,60.14,8,16.566408,60.14,1,0xcaf00370,0,0,2,8191,8191,0,0,0,0,1,0,31,7,3,0,15,254,15
265219,1970-01-02 09:00:16.566693,0.28400000000000003,8,16.566692,0.284,7,0xcaf00370,0,0,2,8191,8191,0,0,0,0,1,0,31,7,3,0,15,254,15
266076,1970-01-02 09:00:16.616051,49.358,8,16.61605,49.358,1,0xcaf00370,0,0,2,8191,8191,1,0,0,0,1,0,31,7,3,0,15,254,15
266079,1970-01-02 09:00:16.616236,0.185,8,16.616235,0.185,7,0xcaf00370,0,0,2,8191,8191,1,0,0,0,1,0,31,7,3,0,15,254,15
267070,1970-01-02 09:00:16.676274,60.038000000000004,8,16.676274,60.039,1,0xcaf00370,0,0,2,8191,8191,2,0,0,0,1,0,31,7,3,0,15,254,15
267071,1970-01-02 09:00:16.676301,0.027,8,16.676301,0.027,7,0xcaf00370,0,0,2,8191,8191,2,0,0,0,1,0,31,7,3,0,15,254,15
267869,1970-01-02 09:00:16.726135,49.834,8,16.726135,49.834,1,0xcaf00370,0,0,2,8191,8191,3,0,0,0,1,0,31,7,3,0,15,254,15
267870,1970-01-02 09:00:16.726321,0.186,8,16.726321,0.186,7,0xcaf00370,0,0,2,8191,8191,3,0,0,0,1,0,31,7,3,0,15,254,15
268978,1970-01-02 09:00:16.791102,64.781,8,16.791101,64.78,1,0xcaf00370,0,0,2,8191,8191,0,0,0,0,1,0,31,7,3,0,15,254,15
269009,1970-01-02 09:00:16.792047,0.945,8,16.792046,0.945,7,0xcaf00370,0,0,2,8191,8191,0,0,0,0,1,0,31,7,3,0,15,254,15
269710,1970-01-02 09:00:16.836024,43.977000000000004,8,16.836024,43.978,1,0xcaf00370,0,0,2,8191,8191,1,0,0,0,1,0,31,7,3,0,15,254,15
269712,1970-01-02 09:00:16.836213,0.189,8,16.836213,0.189,7,0xcaf00370,0,0,2,8191,8191,1,0,0,0,1,0,31,7,3,0,15,254,15
270747,1970-01-02 09:00:16.896256,60.043,8,16.896255,60.042,1,0xcaf00370,0,0,2,8191,8191,2,0,0,0,1,0,31,7,3,0,15,254,15
270749,1970-01-02 09:00:16.896447,0.191,8,16.896446,0.191,7,0xcaf00370,0,0,2,8191,8191,2,0,0,0,1,0,31,7,3,0,15,254,15
271508,1970-01-02 09:00:16.946067,49.62,8,16.946066,49.62,1,0xcaf00370,0,0,2,8191,8191,3,0,0,0,1,0,31,7,3,0,15,254,15
271511,1970-01-02 09:00:16.946258,0.191,8,16.946258,0.192,7,0xcaf00370,0,0,2,8191,8191,3,0,0,0,1,0,31,7,3,0,15,254,15
272546,1970-01-02 09:00:17.006086,59.827999999999996,8,17.006086,59.828,1,0xcaf00370,0,0,2,8191,8191,0,0,0,0,1,0,31,7,3,0,15,254,15
272547,1970-01-02 09:00:17.006280,0.194,8,17.006279,0.193,7,0xcaf00370,0,0,2,8191,8191,0,0,0,0,1,0,31,7,3,0,15,254,15
273298,1970-01-02 09:00:17.056098,49.818,8,17.056098,49.819,1,0xcaf00370,0,0,2,8191,8191,1,0,0,0,1,0,31,7,3,0,15,254,15
273299,1970-01-02 09:00:17.056293,0.195,8,17.056292,0.194,7,0xcaf00370,0,0,2,8191,8191,1,0,0,0,1,0,31,7,3,0,15,254,15
274314,1970-01-02 09:00:17.116073,59.78,8,17.116073,59.781,1,0xcaf00370,0,0,2,8191,8191,2,0,0,0,1,0,31,7,3,0,15,254,15
274317,1970-01-02 09:00:17.116270,0.19699999999999998,8,17.116269,0.196,7,0xcaf00370,0,0,2,8191,8191,2,0,0,0,1,0,31,7,3,0,15,254,15
275088,1970-01-02 09:00:17.166424,50.153999999999996,8,17.166423,50.154,1,0xcaf00370,0,0,2,8191,8191,3,0,0,0,1,0,31,7,3,0,15,254,15
275102,1970-01-02 09:00:17.166713,0.289,8,17.166713,0.29,7,0xcaf00370,0,0,2,8191,8191,3,0,0,0,1,0,31,7,3,0,15,254,15
276127,1970-01-02 09:00:17.226198,59.48500000000001,8,17.226197,59.484,1,0xcaf00370,0,0,2,8191,8191,0,0,0,0,1,0,31,7,3,0,15,254,15
276129,1970-01-02 09:00:17.226327,0.129,8,17.226326,0.129,7,0xcaf00370,0,0,2,8191,8191,0,0,0,0,1,0,31,7,3,0,15,254,15
277011,1970-01-02 09:00:17.276447,50.12,8,17.276446,50.12,1,0xcaf00370,0,0,2,8191,8191,1,0,0,0,1,0,31,7,3,0,15,254,15
277012,1970-01-02 09:00:17.276624,0.177,8,17.276624,0.178,7,0xcaf00370,0,0,2,8191,8191,1,0,0,0,1,0,31,7,3,0,15,254,15
277969,1970-01-02 09:00:17.336069,59.445,8,17.336068,59.444,1,0xcaf00370,0,0,2,8191,8191,2,0,0,0,1,0,31,7,3,0,15,254,15
277971,1970-01-02 09:00:17.336247,0.178,8,17.336246,0.178,7,0xcaf00370,0,0,2,8191,8191,2,0,0,0,1,0,31,7,3,0,15,254,15
278837,1970-01-02 09:00:17.386837,50.59,8,17.386837,50.591,1,0xcaf00370,0,0,2,8191,8191,3,0,0,0,1,0,31,7,3,0,15,254,15
278841,1970-01-02 09:00:17.386982,0.145,8,17.386981,0.144,7,0xcaf00370,0,0,2,8191,8191,3,0,0,0,1,0,31,7,3,0,15,254,15
279873,1970-01-02 09:00:17.446103,59.121,8,17.446102,59.121,1,0xcaf00370,0,0,2,8191,8191,0,0,0,0,1,0,31,7,3,0,15,254,15
279876,1970-01-02 09:00:17.446271,0.16799999999999998,8,17.44627,0.168,7,0xcaf00370,0,0,2,8191,8191,0,0,0,0,1,0,31,7,3,0,15,254,15
280771,1970-01-02 09:00:17.496241,49.97,8,17.49624,49.97,1,0xcaf00370,0,0,2,8191,8191,1,0,0,0,1,0,31,7,3,0,15,254,15
280774,1970-01-02 09:00:17.496406,0.165,8,17.496405,0.165,7,0xcaf00370,0,0,2,8191,8191,1,0,0,0,1,0,31,7,3,0,15,254,15
281645,1970-01-02 09:00:17.556139,59.733000000000004,8,17.556139,59.734,1,0xcaf00370,0,0,2,8191,8191,2,0,0,0,1,0,31,7,3,0,15,254,15
281647,1970-01-02 09:00:17.556299,0.16,8,17.556299,0.16,7,0xcaf00370,0,0,2,8191,8191,2,0,0,0,1,0,31,7,3,0,15,254,15
282530,1970-01-02 09:00:17.606158,49.859,8,17.606158,49.859,1,0xcaf00370,0,0,2,8191,8191,3,0,0,0,1,0,31,7,3,0,15,254,15
282531,1970-01-02 09:00:17.606313,0.155,8,17.606312,0.154,7,0xcaf00370,0,0,2,8191,8191,3,0,0,0,1,0,31,7,3,0,15,254,15
283481,1970-01-02 09:00:17.666649,60.336,8,17.666648,60.336,1,0xcaf00370,0,0,2,8191,8191,0,0,0,0,1,0,31,7,3,0,15,254,15
283493,1970-01-02 09:00:17.666987,0.33799999999999997,8,17.666987,0.339,7,0xcaf00370,0,0,2,8191,8191,0,0,0,0,1,0,31,7,3,0,15,254,15
284366,1970-01-02 09:00:17.716142,49.154999999999994,8,17.716142,49.155,1,0xcaf00370,0,0,2,8191,8191,1,0,0,0,1,0,31,7,3,0,15,254,15
284367,1970-01-02 09:00:17.716288,0.146,8,17.716287,0.145,7,0xcaf00370,0,0,2,8191,8191,1,0,0,0,1,0,31,7,3,0,15,254,15
285225,1970-01-02 09:00:17.770646,54.358,8,17.770646,54.359,7,0xcaf00370,0,0,2,8191,8191,2,0,0,0,1,0,31,7,3,0,15,254,15
285232,1970-01-02 09:00:17.770840,0.194,8,17.77084,0.194,1,0xcaf00370,0,0,2,8191,8191,2,0,0,0,1,0,31,7,3,0,15,254,15
286069,1970-01-02 09:00:17.816417,45.577,8,17.816417,45.577,1,0xcaf00370,0,0,2,8191,8191,3,0,0,0,1,0,31,7,3,0,15,254,15
286072,1970-01-02 09:00:17.816556,0.13899999999999998,8,17.816555,0.138,7,0xcaf00370,0,0,2,8191,8191,3,0,0,0,1,0,31,7,3,0,15,254,15
287102,1970-01-02 09:00:17.876452,59.896,8,17.876451,59.896,1,0xcaf00370,0,0,2,8191,8191,0,0,0,0,1,0,31,7,3,0,15,254,15
287108,1970-01-02 09:00:17.876709,0.257,8,17.876708,0.257,7,0xcaf00370,0,0,2,8191,8191,0,0,0,0,1,0,31,7,3,0,15,254,15
287904,1970-01-02 09:00:17.926412,49.702999999999996,8,17.926411,49.703,1,0xcaf00370,0,0,2,8191,8191,1,0,0,0,1,0,31,7,3,0,15,254,15
287906,1970-01-02 09:00:17.926540,0.128,8,17.92654,0.129,7,0xcaf00370,0,0,2,8191,8191,1,0,0,0,1,0,31,7,3,0,15,254,15
288915,1970-01-02 09:00:17.986961,60.421,8,17.98696,60.42,1,0xcaf00370,0,0,2,8191,8191,2,0,0,0,1,0,31,7,3,0,15,254,15
288916,1970-01-02 09:00:17.987025,0.064,8,17.987025,0.065,7,0xcaf00370,0,0,2,8191,8191,2,0,0,0,1,0,31,7,3,0,15,254,15
289686,1970-01-02 09:00:18.036159,49.134,8,18.036159,49.134,1,0xcaf00370,0,0,2,8191,8191,3,0,0,0,1,0,31,7,3,0,15,254,15
289689,1970-01-02 09:00:18.036275,0.116,8,18.036274,0.115,7,0xcaf00370,0,0,2,8191,8191,3,0,0,0,1,0,31,7,3,0,15,254,15
290549,1970-01-02 09:00:18.087363,51.088,8,18.087362,51.088,1,0xcaf00370,0,0,2,8191,8191,0,0,0,0,1,0,31,7,3,0,15,254,15
290551,1970-01-02 09:00:18.087473,0.11,8,18.087472,0.11,7,0xcaf00370,0,0,2,8191,8191,0,0,0,0,1,0,31,7,3,0,15,254,15
291317,1970-01-02 09:00:18.136461,48.988,8,18.136461,48.989,1,0xcaf00370,0,0,2,8191,8191,1,0,0,0,1,0,31,7,3,0,15,254,15
291323,1970-01-02 09:00:18.136738,0.277,8,18.136738,0.277,7,0xcaf00370,0,0,2,8191,8191,1,0,0,0,1,0,31,7,3,0,15,254,15
292516,1970-01-02 09:00:18.206257,69.51899999999999,8,18.206257,69.519,1,0xcaf00370,0,0,2,8191,8191,2,0,0,0,1,0,31,7,3,0,15,254,15
292518,1970-01-02 09:00:18.206361,0.104,8,18.206361,0.104,7,0xcaf00370,0,0,2,8191,8191,2,0,0,0,1,0,31,7,3,0,15,254,15
293273,1970-01-02 09:00:18.256172,49.811,8,18.256171,49.81,1,0xcaf00370,0,0,2,8191,8191,3,0,0,0,1,0,31,7,3,0,15,254,15
293275,1970-01-02 09:00:18.256272,0.1,8,18.256271,0.1,7,0xcaf00370,0,0,2,8191,8191,3,0,0,0,1,0,31,7,3,0,15,254,15
294192,1970-01-02 09:00:18.306469,50.196999999999996,8,18.306469,50.198,1,0xcaf00370,0,0,2,8191,8191,0,0,0,0,1,0,31,7,3,0,15,254,15
294193,1970-01-02 09:00:18.306568,0.09899999999999999,8,18.306568,0.099,7,0xcaf00370,0,0,2,8191,8191,0,0,0,0,1,0,31,7,3,0,15,254,15
294949,1970-01-02 09:00:18.356190,49.622,8,18.35619,49.622,1,0xcaf00370,0,0,2,8191,8191,1,0,0,0,1,0,31,7,3,0,15,254,15
294951,1970-01-02 09:00:18.356288,0.098,8,18.356288,0.098,7,0xcaf00370,0,0,2,8191,8191,1,0,0,0,1,0,31,7,3,0,15,254,15
296038,1970-01-02 09:00:18.416219,59.931,8,18.416219,59.931,1,0xcaf00370,0,0,2,8191,8191,2,0,0,0,1,0,31,7,3,0,15,254,15
296040,1970-01-02 09:00:18.416314,0.095,8,18.416314,0.095,7,0xcaf00370,0,0,2,8191,8191,2,0,0,0,1,0,31,7,3,0,15,254,15
296810,1970-01-02 09:00:18.466478,50.164,8,18.466478,50.164,1,0xcaf00370,0,0,2,8191,8191,3,0,0,0,1,0,31,7,3,0,15,254,15
296816,1970-01-02 09:00:18.466578,0.1,8,18.466578,0.1,7,0xcaf00370,0,0,2,8191,8191,3,0,0,0,1,0,31,7,3,0,15,254,15
297872,1970-01-02 09:00:18.526305,59.727000000000004,8,18.526304,59.726,1,0xcaf00370,0,0,2,8191,8191,0,0,0,0,1,0,31,7,3,0,15,254,15
297874,1970-01-02 09:00:18.526394,0.089,8,18.526393,0.089,7,0xcaf00370,0,0,2,8191,8191,0,0,0,0,1,0,31,7,3,0,15,254,15
298737,1970-01-02 09:00:18.578395,52.001,8,18.578394,52.001,1,0xcaf00370,0,0,2,8191,8191,1,0,0,0,1,0,31,7,3,0,15,254,15
298738,1970-01-02 09:00:18.578483,0.088,8,18.578482,0.088,7,0xcaf00370,0,0,2,8191,8191,1,0,0,0,1,0,31,7,3,0,15,254,15
299813,1970-01-02 09:00:18.646250,67.767,8,18.646249,67.767,1,0xcaf00370,0,0,2,8191,8191,2,0,0,0,1,0,31,7,3,0,15,254,15
299815,1970-01-02 09:00:18.646333,0.083,8,18.646333,0.084,7,0xcaf00370,0,0,2,8191,8191,2,0,0,0,1,0,31,7,3,0,15,254,15
300728,1970-01-02 09:00:18.697803,51.47,8,18.697803,51.47,1,0xcaf00370,0,0,2,8191,8191,3,0,0,0,1,0,31,7,3,0,15,254,15
300729,1970-01-02 09:00:18.697885,0.082,8,18.697884,0.081,7,0xcaf00370,0,0,2,8191,8191,3,0,0,0,1,0,31,7,3,0,15,254,15
301763,1970-01-02 09:00:18.766498,68.613,8,18.766498,68.614,1,0xcaf00370,0,0,2,8191,8191,0,0,0,0,1,0,31,7,3,0,15,254,15
301766,1970-01-02 09:00:18.766578,0.08,8,18.766577,0.079,7,0xcaf00370,0,0,2,8191,8191,0,0,0,0,1,0,31,7,3,0,15,254,15
302702,1970-01-02 09:00:18.816244,49.666000000000004,8,18.816243,49.666,1,0xcaf00370,0,0,2,8191,8191,1,0,0,0,1,0,31,7,3,0,15,254,15
302704,1970-01-02 09:00:18.816321,0.077,8,18.81632,0.077,7,0xcaf00370,0,0,2,8191,8191,1,0,0,0,1,0,31,7,3,0,15,254,15
303695,1970-01-02 09:00:18.878324,62.003,8,18.878323,62.003,1,0xcaf00370,0,0,2,8191,8191,2,0,0,0,1,0,31,7,3,0,15,254,15
303696,1970-01-02 09:00:18.878386,0.062,8,18.878386,0.063,7,0xcaf00370,0,0,2,8191,8191,2,0,0,0,1,0,31,7,3,0,15,254,15
304504,1970-01-02 09:00:18.926497,48.111000000000004,8,18.926497,48.111,1,0xcaf00370,0,0,2,8191,8191,3,0,0,0,1,0,31,7,3,0,15,254,15
304505,1970-01-02 09:00:18.926549,0.052,8,18.926548,0.051,7,0xcaf00370,0,0,2,8191,8191,3,0,0,0,1,0,31,7,3,0,15,254,15
305509,1970-01-02 09:00:18.986982,60.433,8,18.986982,60.434,1,0xcaf00370,0,0,2,8191,8191,0,0,0,0,1,0,31,7,3,0,15,254,15
305510,1970-01-02 09:00:18.987035,0.053,8,18.987034,0.052,7,0xcaf00370,0,0,2,8191,8191,0,0,0,0,1,0,31,7,3,0,15,254,15
306279,1970-01-02 09:00:19.036208,49.173,8,19.036208,49.174,1,0xcaf00370,0,0,2,8191,8191,1,0,0,0,1,0,31,7,3,0,15,254,15
306281,1970-01-02 09:00:19.036235,0.027,8,19.036234,0.026,7,0xcaf00370,0,0,2,8191,8191,1,0,0,0,1,0,31,7,3,0,15,254,15
307310,1970-01-02 09:00:19.096378,60.143,8,19.096378,60.144,1,0xcaf00370,0,0,2,8191,8191,2,0,0,0,1,0,31,7,3,0,15,254,15
307311,1970-01-02 09:00:19.096391,0.013,8,19.096391,0.013,7,0xcaf00370,0,0,2,8191,8191,2,0,0,0,1,0,31,7,3,0,15,254,15
308065,1970-01-02 09:00:19.146404,50.013000000000005,8,19.146404,50.013,1,0xcaf00370,0,0,2,8191,8191,3,0,0,0,1,0,31,7,3,0,15,254,15
308066,1970-01-02 09:00:19.146506,0.102,8,19.146505,0.101,7,0xcaf00370,0,0,2,8191,8191,3,0,0,0,1,0,31,7,3,0,15,254,15
309133,1970-01-02 09:00:19.206322,59.816,8,19.206322,59.817,7,0xcaf00370,0,0,2,8191,8191,0,0,0,0,1,0,31,7,3,0,15,254,15
309135,1970-01-02 09:00:19.206408,0.08600000000000001,8,19.206408,0.086,1,0xcaf00370,0,0,2,8191,8191,0,0,0,0,1,0,31,7,3,0,15,254,15
309898,1970-01-02 09:00:19.256226,49.818,8,19.256226,49.818,7,0xcaf00370,0,0,2,8191,8191,1,0,0,0,1,0,31,7,3,0,15,254,15
309899,1970-01-02 09:00:19.256250,0.024,8,19.25625,0.024,1,0xcaf00370,0,0,2,8191,8191,1,0,0,0,1,0,31,7,3,0,15,254,15
311135,1970-01-02 09:00:19.326359,70.10900000000001,8,19.326359,70.109,7,0xcaf00370,0,0,2,8191,8191,2,0,0,0,1,0,31,7,3,0,15,254,15
311136,1970-01-02 09:00:19.326461,0.102,8,19.32646,0.101,1,0xcaf00370,0,0,2,8191,8191,2,0,0,0,1,0,31,7,3,0,15,254,15
311964,1970-01-02 09:00:19.376867,50.406,8,19.376866,50.406,7,0xcaf00370,0,0,2,8191,8191,3,0,0,0,1,0,31,7,3,0,15,254,15
311965,1970-01-02 09:00:19.376919,0.052,8,19.376918,0.052,1,0xcaf00370,0,0,2,8191,8191,3,0,0,0,1,0,31,7,3,0,15,254,15
312821,1970-01-02 09:00:19.426905,49.986000000000004,8,19.426905,49.987,7,0xcaf00370,0,0,2,8191,8191,0,0,0,0,1,0,31,7,3,0,15,254,15
312823,1970-01-02 09:00:19.426969,0.064,8,19.426969,0.064,1,0xcaf00370,0,0,2,8191,8191,0,0,0,0,1,0,31,7,3,0,15,254,15
313663,1970-01-02 09:00:19.476250,49.281,8,19.476249,49.28,7,0xcaf00370,0,0,2,8191,8191,1,0,0,0,1,0,31,7,3,0,15,254,15
313665,1970-01-02 09:00:19.476325,0.075,8,19.476324,0.075,1,0xcaf00370,0,0,2,8191,8191,1,0,0,0,1,0,31,7,3,0,15,254,15
314636,1970-01-02 09:00:19.536217,59.892,8,19.536216,59.892,7,0xcaf00370,0,0,2,8191,8191,2,0,0,0,1,0,31,7,3,0,15,254,15
314639,1970-01-02 09:00:19.536252,0.034999999999999996,8,19.536252,0.036,1,0xcaf00370,0,0,2,8191,8191,2,0,0,0,1,0,31,7,3,0,15,254,15
315487,1970-01-02 09:00:19.587011,50.759,8,19.58701,50.758,7,0xcaf00370,0,0,2,8191,8191,3,0,0,0,1,0,31,7,3,0,15,254,15
315489,1970-01-02 09:00:19.587087,0.076,8,19.587087,0.077,1,0xcaf00370,0,0,2,8191,8191,3,0,0,0,1,0,31,7,3,0,15,254,15
316409,1970-01-02 09:00:19.646270,59.183,8,19.646269,59.182,7,0xcaf00370,0,0,2,8191,8191,0,0,0,0,1,0,31,7,3,0,15,254,15
316412,1970-01-02 09:00:19.646366,0.096,8,19.646366,0.097,1,0xcaf00370,0,0,2,8191,8191,0,0,0,0,1,0,31,7,3,0,15,254,15
317359,1970-01-02 09:00:19.698838,52.472,8,19.698837,52.471,7,0xcaf00370,0,0,2,8191,8191,1,0,0,0,1,0,31,7,3,0,15,254,15
317364,1970-01-02 09:00:19.699020,0.182,8,19.69902,0.183,1,0xcaf00370,0,0,2,8191,8191,1,0,0,0,1,0,31,7,3,0,15,254,15
318238,1970-01-02 09:00:19.756238,57.217999999999996,8,19.756237,57.217,7,0xcaf00370,0,0,2,8191,8191,2,0,0,0,1,0,31,7,3,0,15,254,15
318239,1970-01-02 09:00:19.756277,0.039,8,19.756277,0.04,1,0xcaf00370,0,0,2,8191,8191,2,0,0,0,1,0,31,7,3,0,15,254,15
319162,1970-01-02 09:00:19.806445,50.168,8,19.806444,50.167,7,0xcaf00370,0,0,2,8191,8191,3,0,0,0,1,0,31,7,3,0,15,254,15
319165,1970-01-02 09:00:19.806595,0.15,8,19.806594,0.15,1,0xcaf00370,0,0,2,8191,8191,3,0,0,0,1,0,31,7,3,0,15,254,15
320071,1970-01-02 09:00:19.866570,59.975,8,19.866569,59.975,7,0xcaf00370,0,0,2,8191,8191,0,0,0,0,1,0,31,7,3,0,15,254,15
320074,1970-01-02 09:00:19.866670,0.1,8,19.86667,0.101,1,0xcaf00370,0,0,2,8191,8191,0,0,0,0,1,0,31,7,3,0,15,254,15
320968,1970-01-02 09:00:19.916160,49.49,8,19.916159,49.489,7,0xcaf00370,0,0,2,8191,8191,1,0,0,0,1,0,31,7,3,0,15,254,15
320973,1970-01-02 09:00:19.916314,0.154,8,19.916314,0.155,1,0xcaf00370,0,0,2,8191,8191,1,0,0,0,1,0,31,7,3,0,15,254,15
321955,1970-01-02 09:00:19.976498,60.184000000000005,8,19.976498,60.184,7,0xcaf00370,0,0,2,8191,8191,2,0,0,0,1,0,31,7,3,0,15,254,15
321957,1970-01-02 09:00:19.976654,0.156,8,19.976653,0.155,1,0xcaf00370,0,0,2,8191,8191,2,0,0,0,1,0,31,7,3,0,15,254,15
322752,1970-01-02 09:00:20.026247,49.592999999999996,8,20.026246,49.593,7,0xcaf00370,0,0,2,8191,8191,3,0,0,0,1,0,31,7,3,0,15,254,15
322753,1970-01-02 09:00:20.026405,0.158,8,20.026404,0.158,1,0xcaf00370,0,0,2,8191,8191,3,0,0,0,1,0,31,7,3,0,15,254,15
323717,1970-01-02 09:00:20.086929,60.524,8,20.086928,60.524,7,0xcaf00370,0,0,2,8191,8191,0,0,0,0,1,0,31,7,3,0,15,254,15
323720,1970-01-02 09:00:20.087060,0.131,8,20.087059,0.131,1,0xcaf00370,0,0,2,8191,8191,0,0,0,0,1,0,31,7,3,0,15,254,15
324526,1970-01-02 09:00:20.136175,49.115,8,20.136175,49.116,7,0xcaf00370,0,0,2,8191,8191,1,0,0,0,1,0,31,7,3,0,15,254,15
324530,1970-01-02 09:00:20.136277,0.102,8,20.136277,0.102,1,0xcaf00370,0,0,2,8191,8191,1,0,0,0,1,0,31,7,3,0,15,254,15
325566,1970-01-02 09:00:20.196306,60.028999999999996,8,20.196306,60.029,7,0xcaf00370,0,0,2,8191,8191,2,0,0,0,1,0,31,7,3,0,15,254,15
325578,1970-01-02 09:00:20.196675,0.36900000000000005,8,20.196675,0.369,1,0xcaf00370,0,0,2,8191,8191,2,0,0,0,1,0,31,7,3,0,15,254,15
326344,1970-01-02 09:00:20.246246,49.571,8,20.246246,49.571,7,0xcaf00370,0,0,2,8191,8191,3,0,0,0,1,0,31,7,3,0,15,254,15
326346,1970-01-02 09:00:20.246359,0.11299999999999999,8,20.246358,0.112,1,0xcaf00370,0,0,2,8191,8191,3,0,0,0,1,0,31,7,3,0,15,254,15
327275,1970-01-02 09:00:20.296571,50.211999999999996,8,20.29657,50.212,7,0xcaf00370,0,0,2,8191,8191,0,0,0,0,1,0,31,7,3,0,15,254,15
327279,1970-01-02 09:00:20.296716,0.145,8,20.296715,0.145,1,0xcaf00370,0,0,2,8191,8191,0,0,0,0,1,0,31,7,3,0,15,254,15
328029,1970-01-02 09:00:20.346224,49.508,8,20.346223,49.508,7,0xcaf00370,0,0,2,8191,8191,1,0,0,0,1,0,31,7,3,0,15,254,15
328031,1970-01-02 09:00:20.346338,0.114,8,20.346337,0.114,1,0xcaf00370,0,0,2,8191,8191,1,0,0,0,1,0,31,7,3,0,15,254,15
329103,1970-01-02 09:00:20.406250,59.912,8,20.40625,59.913,7,0xcaf00370,0,0,2,8191,8191,2,0,0,0,1,0,31,7,3,0,15,254,15
329105,1970-01-02 09:00:20.406467,0.217,8,20.406466,0.216,1,0xcaf00370,0,0,2,8191,8191,2,0,0,0,1,0,31,7,3,0,15,254,15
329976,1970-01-02 09:00:20.456391,49.92400000000001,8,20.45639,49.924,7,0xcaf00370,0,0,2,8191,8191,3,0,0,0,1,0,31,7,3,0,15,254,15
329977,1970-01-02 09:00:20.456525,0.134,8,20.456525,0.135,1,0xcaf00370,0,0,2,8191,8191,3,0,0,0,1,0,31,7,3,0,15,254,15
331047,1970-01-02 09:00:20.516198,59.672999999999995,8,20.516197,59.672,7,0xcaf00370,0,0,2,8191,8191,0,0,0,0,1,0,31,7,3,0,15,254,15
331048,1970-01-02 09:00:20.516329,0.131,8,20.516328,0.131,1,0xcaf00370,0,0,2,8191,8191,0,0,0,0,1,0,31,7,3,0,15,254,15
331796,1970-01-02 09:00:20.566711,50.382000000000005,8,20.56671,50.382,1,0xcaf00370,0,0,2,8191,8191,1,0,0,0,1,0,31,7,3,0,15,254,15
331801,1970-01-02 09:00:20.566851,0.13999999999999999,8,20.566851,0.141,7,0xcaf00370,0,0,2,8191,8191,1,0,0,0,1,0,31,7,3,0,15,254,15
332830,1970-01-02 09:00:20.626528,59.677,8,20.626528,59.677,7,0xcaf00370,0,0,2,8191,8191,2,0,0,0,1,0,31,7,3,0,15,254,15
332831,1970-01-02 09:00:20.626529,0.001,8,20.626528,0.0,1,0xcaf00370,0,0,2,8191,8191,2,0,0,0,1,0,31,7,3,0,15,254,15
333658,1970-01-02 09:00:20.676201,49.672000000000004,8,20.676201,49.673,7,0xcaf00370,0,0,2,8191,8191,3,0,0,0,1,0,31,7,3,0,15,254,15
333662,1970-01-02 09:00:20.676309,0.108,8,20.676308,0.107,1,0xcaf00370,0,0,2,8191,8191,3,0,0,0,1,0,31,7,3,0,15,254,15
334633,1970-01-02 09:00:20.736174,59.865,8,20.736174,59.866,7,0xcaf00370,0,0,2,8191,8191,0,0,0,0,1,0,31,7,3,0,15,254,15
334634,1970-01-02 09:00:20.736290,0.116,8,20.73629,0.116,1,0xcaf00370,0,0,2,8191,8191,0,0,0,0,1,0,31,7,3,0,15,254,15
335696,1970-01-02 09:00:20.796435,60.144999999999996,8,20.796435,60.145,7,0xcaf00370,0,0,2,8191,8191,1,0,0,0,1,0,31,7,3,0,15,254,15
335700,1970-01-02 09:00:20.796674,0.23900000000000002,8,20.796673,0.238,1,0xcaf00370,0,0,2,8191,8191,1,0,0,0,1,0,31,7,3,0,15,254,15
336593,1970-01-02 09:00:20.851251,54.577,8,20.851251,54.578,1,0xcaf00370,0,0,2,8191,8191,2,0,0,0,1,0,31,7,3,0,15,254,15
336609,1970-01-02 09:00:20.851819,0.5680000000000001,8,20.851818,0.567,7,0xcaf00370,0,0,2,8191,8191,2,0,0,0,1,0,31,7,3,0,15,254,15
337429,1970-01-02 09:00:20.898148,46.329,8,20.898148,46.33,7,0xcaf00370,0,0,2,8191,8191,3,0,0,0,1,0,31,7,3,0,15,254,15
337431,1970-01-02 09:00:20.898250,0.102,8,20.89825,0.102,1,0xcaf00370,0,0,2,8191,8191,3,0,0,0,1,0,31,7,3,0,15,254,15
338344,1970-01-02 09:00:20.956220,57.97,8,20.956219,57.969,7,0xcaf00370,0,0,2,8191,8191,0,0,0,0,1,0,31,7,3,0,15,254,15
338346,1970-01-02 09:00:20.956251,0.031,8,20.956251,0.032,1,0xcaf00370,0,0,2,8191,8191,0,0,0,0,1,0,31,7,3,0,15,254,15
339207,1970-01-02 09:00:21.006466,50.215,8,21.006465,50.214,7,0xcaf00370,0,0,2,8191,8191,1,0,0,0,1,0,31,7,3,0,15,254,15
339208,1970-01-02 09:00:21.006559,0.093,8,21.006559,0.094,1,0xcaf00370,0,0,2,8191,8191,1,0,0,0,1,0,31,7,3,0,15,254,15
339974,1970-01-02 09:00:21.056630,50.071,8,21.056629,50.07,7,0xcaf00370,0,0,2,8191,8191,2,0,0,0,1,0,31,7,3,0,15,254,15
339975,1970-01-02 09:00:21.056720,0.09000000000000001,8,21.05672,0.091,1,0xcaf00370,0,0,2,8191,8191,2,0,0,0,1,0,31,7,3,0,15,254,15
340831,1970-01-02 09:00:21.106731,50.011,8,21.106731,50.011,7,0xcaf00370,0,0,2,8191,8191,3,0,0,0,1,0,31,7,3,0,15,254,15
340832,1970-01-02 09:00:21.106817,0.08600000000000001,8,21.106817,0.086,1,0xcaf00370,0,0,2,8191,8191,3,0,0,0,1,0,31,7,3,0,15,254,15
341983,1970-01-02 09:00:21.176682,69.865,8,21.176681,69.864,1,0xcaf00370,0,0,2,8191,8191,0,0,0,0,1,0,31,7,3,0,15,254,15
341984,1970-01-02 09:00:21.176700,0.018000000000000002,8,21.1767,0.019,7,0xcaf00370,0,0,2,8191,8191,0,0,0,0,1,0,31,7,3,0,15,254,15
342805,1970-01-02 09:00:21.226485,49.785000000000004,8,21.226485,49.785,7,0xcaf00370,0,0,2,8191,8191,1,0,0,0,1,0,31,7,3,0,15,254,15
342806,1970-01-02 09:00:21.226577,0.092,8,21.226577,0.092,1,0xcaf00370,0,0,2,8191,8191,1,0,0,0,1,0,31,7,3,0,15,254,15
343821,1970-01-02 09:00:21.286937,60.36,8,21.286937,60.36,7,0xcaf00370,0,0,2,8191,8191,2,0,0,0,1,0,31,7,3,0,15,254,15
343825,1970-01-02 09:00:21.287087,0.15,8,21.287086,0.149,1,0xcaf00370,0,0,2,8191,8191,2,0,0,0,1,0,31,7,3,0,15,254,15
344641,1970-01-02 09:00:21.336461,49.374,8,21.33646,49.374,7,0xcaf00370,0,0,2,8191,8191,3,0,0,0,1,0,31,7,3,0,15,254,15
344643,1970-01-02 09:00:21.336602,0.14100000000000001,8,21.336601,0.141,1,0xcaf00370,0,0,2,8191,8191,3,0,0,0,1,0,31,7,3,0,15,254,15
345669,1970-01-02 09:00:21.396827,60.225,8,21.396826,60.225,7,0xcaf00370,0,0,2,8191,8191,0,0,0,0,1,0,31,7,3,0,15,254,15
345671,1970-01-02 09:00:21.396927,0.1,8,21.396927,0.101,1,0xcaf00370,0,0,2,8191,8191,0,0,0,0,1,0,31,7,3,0,15,254,15
346486,1970-01-02 09:00:21.446493,49.566,8,21.446493,49.566,7,0xcaf00370,0,0,2,8191,8191,1,0,0,0,1,0,31,7,3,0,15,254,15
346487,1970-01-02 09:00:21.446597,0.104,8,21.446596,0.103,1,0xcaf00370,0,0,2,8191,8191,1,0,0,0,1,0,31,7,3,0,15,254,15
347527,1970-01-02 09:00:21.506500,59.903,8,21.5065,59.904,7,0xcaf00370,0,0,2,8191,8191,2,0,0,0,1,0,31,7,3,0,15,254,15
347529,1970-01-02 09:00:21.506607,0.107,8,21.506606,0.106,1,0xcaf00370,0,0,2,8191,8191,2,0,0,0,1,0,31,7,3,0,15,254,15
348293,1970-01-02 09:00:21.556653,50.046,8,21.556653,50.047,7,0xcaf00370,0,0,2,8191,8191,3,0,0,0,1,0,31,7,3,0,15,254,15
348294,1970-01-02 09:00:21.556762,0.10900000000000001,8,21.556761,0.108,1,0xcaf00370,0,0,2,8191,8191,3,0,0,0,1,0,31,7,3,0,15,254,15
349342,1970-01-02 09:00:21.616700,59.937999999999995,8,21.616699,59.938,7,0xcaf00370,0,0,2,8191,8191,0,0,0,0,1,0,31,7,3,0,15,254,15
349347,1970-01-02 09:00:21.616810,0.11,8,21.616809,0.11,1,0xcaf00370,0,0,2,8191,8191,0,0,0,0,1,0,31,7,3,0,15,254,15
350106,1970-01-02 09:00:21.666970,50.160000000000004,8,21.666969,50.16,7,0xcaf00370,0,0,2,8191,8191,1,0,0,0,1,0,31,7,3,0,15,254,15
350110,1970-01-02 09:00:21.667065,0.095,8,21.667064,0.095,1,0xcaf00370,0,0,2,8191,8191,1,0,0,0,1,0,31,7,3,0,15,254,15
351136,1970-01-02 09:00:21.726562,59.497,8,21.726561,59.497,7,0xcaf00370,0,0,2,8191,8191,2,0,0,0,1,0,31,7,3,0,15,254,15
351137,1970-01-02 09:00:21.726678,0.116,8,21.726678,0.117,1,0xcaf00370,0,0,2,8191,8191,2,0,0,0,1,0,31,7,3,0,15,254,15
351977,1970-01-02 09:00:21.776684,50.006,8,21.776683,50.005,7,0xcaf00370,0,0,2,8191,8191,3,0,0,0,1,0,31,7,3,0,15,254,15
351978,1970-01-02 09:00:21.776803,0.11900000000000001,8,21.776803,0.12,1,0xcaf00370,0,0,2,8191,8191,3,0,0,0,1,0,31,7,3,0,15,254,15
353087,1970-01-02 09:00:21.846499,69.696,8,21.846499,69.696,7,0xcaf00370,0,0,2,8191,8191,0,0,0,0,1,0,31,7,3,0,15,254,15
353088,1970-01-02 09:00:21.846625,0.126,8,21.846624,0.125,1,0xcaf00370,0,0,2,8191,8191,0,0,0,0,1,0,31,7,3,0,15,254,15
353949,1970-01-02 09:00:21.896344,49.719,8,21.896343,49.719,7,0xcaf00370,0,0,2,8191,8191,1,0,0,0,1,0,31,7,3,0,15,254,15
353951,1970-01-02 09:00:21.896475,0.131,8,21.896475,0.132,1,0xcaf00370,0,0,2,8191,8191,1,0,0,0,1,0,31,7,3,0,15,254,15
354745,1970-01-02 09:00:21.946751,50.276,8,21.94675,50.275,7,0xcaf00370,0,0,2,8191,8191,2,0,0,0,1,0,31,7,3,0,15,254,15
354747,1970-01-02 09:00:21.946890,0.13899999999999998,8,21.946889,0.139,1,0xcaf00370,0,0,2,8191,8191,2,0,0,0,1,0,31,7,3,0,15,254,15
355600,1970-01-02 09:00:21.996607,49.717,8,21.996606,49.717,7,0xcaf00370,0,0,2,8191,8191,3,0,0,0,1,0,31,7,3,0,15,254,15
355607,1970-01-02 09:00:21.996878,0.27099999999999996,8,21.996878,0.272,1,0xcaf00370,0,0,2,8191,8191,3,0,0,0,1,0,31,7,3,0,15,254,15
356690,1970-01-02 09:00:22.066761,69.883,8,22.066761,69.883,1,0xcaf00370,0,0,2,8191,8191,0,0,0,0,1,0,31,7,3,0,15,254,15
356692,1970-01-02 09:00:22.066797,0.036000000000000004,8,22.066797,0.036,7,0xcaf00370,0,0,2,8191,8191,0,0,0,0,1,0,31,7,3,0,15,254,15
357544,1970-01-02 09:00:22.116208,49.410999999999994,8,22.116207,49.41,7,0xcaf00370,0,0,2,8191,8191,1,0,0,0,1,0,31,7,3,0,15,254,15
357546,1970-01-02 09:00:22.116368,0.16,8,22.116368,0.161,1,0xcaf00370,0,0,2,8191,8191,1,0,0,0,1,0,31,7,3,0,15,254,15
358327,1970-01-02 09:00:22.166995,50.626999999999995,8,22.166995,50.627,7,0xcaf00370,0,0,2,8191,8191,2,0,0,0,1,0,31,7,3,0,15,254,15
358330,1970-01-02 09:00:22.167158,0.163,8,22.167157,0.162,1,0xcaf00370,0,0,2,8191,8191,2,0,0,0,1,0,31,7,3,0,15,254,15
359229,1970-01-02 09:00:22.216450,49.292,8,22.216449,49.292,7,0xcaf00370,0,0,2,8191,8191,3,0,0,0,1,0,31,7,3,0,15,254,15
359237,1970-01-02 09:00:22.216612,0.162,8,22.216611,0.162,1,0xcaf00370,0,0,2,8191,8191,3,0,0,0,1,0,31,7,3,0,15,254,15
360379,1970-01-02 09:00:22.286861,70.24900000000001,8,22.28686,70.249,7,0xcaf00370,0,0,2,8191,8191,0,0,0,0,1,0,31,7,3,0,15,254,15
360381,1970-01-02 09:00:22.286958,0.097,8,22.286957,0.097,1,0xcaf00370,0,0,2,8191,8191,0,0,0,0,1,0,31,7,3,0,15,254,15
361208,1970-01-02 09:00:22.336401,49.443,8,22.3364,49.443,7,0xcaf00370,0,0,2,8191,8191,1,0,0,0,1,0,31,7,3,0,15,254,15
361210,1970-01-02 09:00:22.336576,0.175,8,22.336576,0.176,1,0xcaf00370,0,0,2,8191,8191,1,0,0,0,1,0,31,7,3,0,15,254,15
362236,1970-01-02 09:00:22.396564,59.988,8,22.396564,59.988,7,0xcaf00370,0,0,2,8191,8191,2,0,0,0,1,0,31,7,3,0,15,254,15
362239,1970-01-02 09:00:22.396732,0.16799999999999998,8,22.396731,0.167,1,0xcaf00370,0,0,2,8191,8191,2,0,0,0,1,0,31,7,3,0,15,254,15
363060,1970-01-02 09:00:22.446486,49.754,8,22.446486,49.755,7,0xcaf00370,0,0,2,8191,8191,3,0,0,0,1,0,31,7,3,0,15,254,15
363062,1970-01-02 09:00:22.446653,0.16699999999999998,8,22.446653,0.167,1,0xcaf00370,0,0,2,8191,8191,3,0,0,0,1,0,31,7,3,0,15,254,15
364084,1970-01-02 09:00:22.506268,59.615,8,22.506267,59.614,7,0xcaf00370,0,0,2,8191,8191,0,0,0,0,1,0,31,7,3,0,15,254,15
364085,1970-01-02 09:00:22.506435,0.16699999999999998,8,22.506435,0.168,1,0xcaf00370,0,0,2,8191,8191,0,0,0,0,1,0,31,7,3,0,15,254,15
364871,1970-01-02 09:00:22.556632,50.196999999999996,8,22.556632,50.197,7,0xcaf00370,0,0,2,8191,8191,1,0,0,0,1,0,31,7,3,0,15,254,15
364873,1970-01-02 09:00:22.556800,0.16799999999999998,8,22.5568,0.168,1,0xcaf00370,0,0,2,8191,8191,1,0,0,0,1,0,31,7,3,0,15,254,15
365933,1970-01-02 09:00:22.616715,59.915000000000006,8,22.616715,59.915,7,0xcaf00370,0,0,2,8191,8191,2,0,0,0,1,0,31,7,3,0,15,254,15
365939,1970-01-02 09:00:22.616885,0.17,8,22.616885,0.17,1,0xcaf00370,0,0,2,8191,8191,2,0,0,0,1,0,31,7,3,0,15,254,15
366680,1970-01-02 09:00:22.666701,49.816,8,22.6667,49.815,7,0xcaf00370,0,0,2,8191,8191,3,0,0,0,1,0,31,7,3,0,15,254,15
366689,1970-01-02 09:00:22.666820,0.11900000000000001,8,22.66682,0.12,1,0xcaf00370,0,0,2,8191,8191,3,0,0,0,1,0,31,7,3,0,15,254,15
367722,1970-01-02 09:00:22.726506,59.686,8,22.726505,59.685,7,0xcaf00370,0,0,2,8191,8191,0,0,0,0,1,0,31,7,3,0,15,254,15
367724,1970-01-02 09:00:22.726679,0.17300000000000001,8,22.726678,0.173,1,0xcaf00370,0,0,2,8191,8191,0,0,0,0,1,0,31,7,3,0,15,254,15
368566,1970-01-02 09:00:22.776493,49.814,8,22.776492,49.814,7,0xcaf00370,0,0,2,8191,8191,1,0,0,0,1,0,31,7,3,0,15,254,15
368568,1970-01-02 09:00:22.776666,0.17300000000000001,8,22.776665,0.173,1,0xcaf00370,0,0,2,8191,8191,1,0,0,0,1,0,31,7,3,0,15,254,15
369694,1970-01-02 09:00:22.846465,69.799,8,22.846465,69.8,7,0xcaf00370,0,0,2,8191,8191,2,0,0,0,1,0,31,7,3,0,15,254,15
369695,1970-01-02 09:00:22.846641,0.176,8,22.84664,0.175,1,0xcaf00370,0,0,2,8191,8191,2,0,0,0,1,0,31,7,3,0,15,254,15
370565,1970-01-02 09:00:22.896558,49.917,8,22.896557,49.917,7,0xcaf00370,0,0,2,8191,8191,3,0,0,0,1,0,31,7,3,0,15,254,15
370569,1970-01-02 09:00:22.896735,0.177,8,22.896734,0.177,1,0xcaf00370,0,0,2,8191,8191,3,0,0,0,1,0,31,7,3,0,15,254,15
371687,1970-01-02 09:00:22.966776,70.04100000000001,8,22.966775,70.041,1,0xcaf00370,0,0,2,8191,8191,0,0,0,0,1,0,31,7,3,0,15,254,15
371688,1970-01-02 09:00:22.966780,0.004,8,22.96678,0.005,7,0xcaf00370,0,0,2,8191,8191,0,0,0,0,1,0,31,7,3,0,15,254,15
372539,1970-01-02 09:00:23.016393,49.613,8,23.016393,49.613,7,0xcaf00370,0,0,2,8191,8191,1,0,0,0,1,0,31,7,3,0,15,254,15
372545,1970-01-02 09:00:23.016589,0.196,8,23.016589,0.196,1,0xcaf00370,0,0,2,8191,8191,1,0,0,0,1,0,31,7,3,0,15,254,15
373326,1970-01-02 09:00:23.066975,50.386,8,23.066975,50.386,7,0xcaf00370,0,0,2,8191,8191,2,0,0,0,1,0,31,7,3,0,15,254,15
