logIndex,logTime,¦¤logTime[ms],length,timeStamp[s],¦¤timeStamp[ms],seq,ID,msgcnt,¦¤msgcnt,Path Index,Offset,Offset(Adj),Cyclic Counter,Last Stub at Offset,Rerouting Flag,Sub-path Index,Retransmission,Update,Relative Probability,Functional Road Class,Part of Calculated route,Expressway Flag,Form of Way,Turn angle,Number of Lanes in driving direction
1472,2025-01-31 03:35:41.972471,0.0,8,1919.960018,0.0,1,0xcaf00370,0,0,8,4550,4550,3,1,0,6,1,0,30,1,2,1,1,0,2
1474,2025-01-31 03:35:41.972521,0.05,8,1919.960068,0.05,7,0xcaf00370,0,0,8,4550,4550,3,1,0,6,1,0,30,1,2,1,1,0,2
3176,2025-01-31 03:35:42.022479,49.958000000000006,8,1920.010026,49.958,7,0xcaf00370,0,0,8,4672,4672,0,1,0,6,1,0,30,1,2,1,1,1,2
3179,2025-01-31 03:35:42.022610,0.131,8,1920.010157,0.131,1,0xcaf00370,0,0,8,4672,4672,0,1,0,6,1,0,30,1,2,1,1,1,2
5455,2025-01-31 03:35:42.093395,70.785,8,1920.080943,70.786,1,0xcaf00370,0,0,8,4818,4818,1,1,0,6,1,0,30,1,2,1,1,0,2
5457,2025-01-31 03:35:42.093427,0.032,8,1920.080974,0.031,7,0xcaf00370,0,0,8,4818,4818,1,1,0,6,1,0,30,1,2,1,1,0,2
8792,2025-01-31 03:35:42.193259,99.83200000000001,8,1920.180806,99.832,1,0xcaf00370,0,0,8,6068,6068,2,1,0,6,1,0,30,1,2,1,1,0,2
8793,2025-01-31 03:35:42.193274,0.015000000000000001,8,1920.180821,0.015,7,0xcaf00370,0,0,8,6068,6068,2,1,0,6,1,0,30,1,2,1,1,0,2
10479,2025-01-31 03:35:42.242441,49.167,8,1920.229988,49.167,1,0xcaf00370,0,0,8,6810,6810,3,0,0,6,1,0,24,1,2,1,1,0,2
10480,2025-01-31 03:35:42.242449,0.008,8,1920.229996,0.008,7,0xcaf00370,0,0,8,6810,6810,3,0,0,6,1,0,24,1,2,1,1,0,2
12433,2025-01-31 03:35:42.302475,60.026,8,1920.290022,60.026,7,0xcaf00370,0,0,8,6810,6810,0,1,0,27,1,0,6,4,0,1,12,248,1
12434,2025-01-31 03:35:42.302479,0.004,8,1920.290026,0.004,1,0xcaf00370,0,0,8,6810,6810,0,1,0,27,1,0,6,4,0,1,12,248,1
14056,2025-01-31 03:35:42.352717,50.238,8,1920.340264,50.238,7,0xcaf00370,0,0,8,7594,7594,1,0,0,6,1,0,30,1,2,1,1,1,2
14057,2025-01-31 03:35:42.352726,0.009000000000000001,8,1920.340274,0.01,1,0xcaf00370,0,0,8,7594,7594,1,0,0,6,1,0,30,1,2,1,1,1,2
16132,2025-01-31 03:35:42.412893,60.167,8,1920.40044,60.166,7,0xcaf00370,0,0,8,7594,7594,2,1,0,28,1,0,0,4,0,0,3,132,0
16138,2025-01-31 03:35:42.413056,0.163,8,1920.400603,0.163,1,0xcaf00370,0,0,8,7594,7594,2,1,0,28,1,0,0,4,0,0,3,132,0
17671,2025-01-31 03:35:42.462454,49.397999999999996,8,1920.450001,49.398,7,0xcaf00370,0,0,8,2034,10225,3,0,0,6,1,0,25,1,2,1,1,1,2
17673,2025-01-31 03:35:42.462482,0.028,8,1920.450029,0.028,1,0xcaf00370,0,0,8,2034,10225,3,0,0,6,1,0,25,1,2,1,1,1,2
19377,2025-01-31 03:35:42.513217,50.735,8,1920.500764,50.735,1,0xcaf00370,0,0,8,2034,10225,0,1,0,29,1,0,5,2,0,1,9,250,1
19392,2025-01-31 03:35:42.513524,0.307,8,1920.501071,0.307,7,0xcaf00370,0,0,8,2034,10225,0,1,0,29,1,0,5,2,0,1,9,250,1
20925,2025-01-31 03:35:42.562723,49.199,8,1920.55027,49.199,7,0xcaf00370,0,0,8,2331,10522,1,1,0,6,1,0,30,1,2,1,1,251,2
20941,2025-01-31 03:35:42.563134,0.41100000000000003,8,1920.550681,0.411,1,0xcaf00370,0,0,8,2331,10522,1,1,0,6,1,0,30,1,2,1,1,251,2
23024,2025-01-31 03:35:42.624639,61.504999999999995,8,1920.612186,61.505,7,0xcaf00370,0,0,8,2387,10578,2,1,0,6,1,0,30,1,2,1,1,253,2
23035,2025-01-31 03:35:42.624950,0.311,8,1920.612498,0.312,1,0xcaf00370,0,0,8,2387,10578,2,1,0,6,1,0,30,1,2,1,1,253,2
24597,2025-01-31 03:35:42.672797,47.847,8,1920.660344,47.846,7,0xcaf00370,0,0,8,2445,10636,3,0,0,6,1,0,30,1,2,1,1,253,2
24601,2025-01-31 03:35:42.672857,0.060000000000000005,8,1920.660404,0.06,1,0xcaf00370,0,0,8,2445,10636,3,0,0,6,1,0,30,1,2,1,1,253,2
26591,2025-01-31 03:35:42.732573,59.716,8,1920.72012,59.716,7,0xcaf00370,0,0,8,2445,10636,0,1,0,30,1,0,0,2,0,0,9,133,0
26595,2025-01-31 03:35:42.732644,0.07100000000000001,8,1920.720191,0.071,1,0xcaf00370,0,0,8,2445,10636,0,1,0,30,1,0,0,2,0,0,9,133,0
28204,2025-01-31 03:35:42.782729,50.085,8,1920.770276,50.085,7,0xcaf00370,0,0,8,2704,10895,1,1,0,6,1,0,30,1,2,1,1,0,2
28208,2025-01-31 03:35:42.782784,0.055,8,1920.770332,0.056,1,0xcaf00370,0,0,8,2704,10895,1,1,0,6,1,0,30,1,2,1,1,0,2
30143,2025-01-31 03:35:42.842714,59.93,8,1920.830261,59.929,7,0xcaf00370,0,0,8,3064,11255,2,1,0,6,1,0,30,1,2,1,1,0,2
30148,2025-01-31 03:35:42.842789,0.075,8,1920.830336,0.075,1,0xcaf00370,0,0,8,3064,11255,2,1,0,6,1,0,30,1,2,1,1,0,2
31865,2025-01-31 03:35:42.892767,49.978,8,1920.880314,49.978,7,0xcaf00370,0,0,8,3222,11413,3,1,0,6,1,0,30,1,2,1,1,0,2
31874,2025-01-31 03:35:42.892938,0.171,8,1920.880485,0.171,1,0xcaf00370,0,0,8,3222,11413,3,1,0,6,1,0,30,1,2,1,1,0,2
33719,2025-01-31 03:35:42.952614,59.676,8,1920.940161,59.676,7,0xcaf00370,0,0,8,4550,12741,0,1,0,6,1,0,30,1,2,1,1,0,2
33720,2025-01-31 03:35:42.952614,0.0,8,1920.940161,0.0,7,0xcaf00370,0,0,8,4550,12741,0,1,0,6,1,0,30,1,2,1,1,0,2
33722,2025-01-31 03:35:42.952693,0.079,8,1920.940241,0.08,1,0xcaf00370,0,0,8,4550,12741,0,1,0,6,1,0,30,1,2,1,1,0,2
35390,2025-01-31 03:35:43.002427,49.734,8,1920.989974,49.733,7,0xcaf00370,0,0,8,4672,12863,1,1,0,6,1,0,30,1,2,1,1,1,2
35391,2025-01-31 03:35:43.002508,0.081,8,1920.990056,0.082,1,0xcaf00370,0,0,8,4672,12863,1,1,0,6,1,0,30,1,2,1,1,1,2
37674,2025-01-31 03:35:43.073250,70.742,8,1921.060797,70.741,7,0xcaf00370,0,0,8,4818,13009,2,1,0,6,1,0,30,1,2,1,1,0,2
37677,2025-01-31 03:35:43.073334,0.08399999999999999,8,1921.060882,0.085,1,0xcaf00370,0,0,8,4818,13009,2,1,0,6,1,0,30,1,2,1,1,0,2
40996,2025-01-31 03:35:43.173464,100.13,8,1921.161011,100.129,7,0xcaf00370,0,0,8,6068,6068,3,1,0,6,1,0,30,1,2,1,1,0,2
40999,2025-01-31 03:35:43.173555,0.091,8,1921.161102,0.091,1,0xcaf00370,0,0,8,6068,6068,3,1,0,6,1,0,30,1,2,1,1,0,2
42731,2025-01-31 03:35:43.222784,49.229,8,1921.210332,49.23,7,0xcaf00370,0,0,8,6810,6810,0,0,0,6,1,0,24,1,2,1,1,0,2
42736,2025-01-31 03:35:43.222904,0.12000000000000001,8,1921.210451,0.119,1,0xcaf00370,0,0,8,6810,6810,0,0,0,6,1,0,24,1,2,1,1,0,2
44679,2025-01-31 03:35:43.282763,59.859,8,1921.27031,59.859,7,0xcaf00370,0,0,8,6810,6810,1,1,0,27,1,0,6,4,0,1,12,248,1
44682,2025-01-31 03:35:43.282859,0.096,8,1921.270406,0.096,1,0xcaf00370,0,0,8,6810,6810,1,1,0,27,1,0,6,4,0,1,12,248,1
46296,2025-01-31 03:35:43.332577,49.717999999999996,8,1921.320124,49.718,7,0xcaf00370,0,0,8,7594,7594,2,0,0,6,1,0,30,1,2,1,1,1,2
46303,2025-01-31 03:35:43.332676,0.09899999999999999,8,1921.320223,0.099,1,0xcaf00370,0,0,8,7594,7594,2,0,0,6,1,0,30,1,2,1,1,1,2
48658,2025-01-31 03:35:43.402774,70.098,8,1921.390321,70.098,7,0xcaf00370,0,0,8,7594,7594,3,1,0,28,1,0,0,4,0,0,3,132,0
48660,2025-01-31 03:35:43.402877,0.103,8,1921.390424,0.103,1,0xcaf00370,0,0,8,7594,7594,3,1,0,28,1,0,0,4,0,0,3,132,0
50276,2025-01-31 03:35:43.452596,49.719,8,1921.440144,49.72,7,0xcaf00370,0,0,8,2034,10225,0,0,0,6,1,0,25,1,2,1,1,1,2
50279,2025-01-31 03:35:43.452701,0.10500000000000001,8,1921.440248,0.104,1,0xcaf00370,0,0,8,2034,10225,0,0,0,6,1,0,25,1,2,1,1,1,2
52272,2025-01-31 03:35:43.512799,60.098,8,1921.500346,60.098,7,0xcaf00370,0,0,8,2034,10225,1,1,0,29,1,0,5,2,0,1,9,250,1
52277,2025-01-31 03:35:43.512951,0.152,8,1921.500498,0.152,1,0xcaf00370,0,0,8,2034,10225,1,1,0,29,1,0,5,2,0,1,9,250,1
53846,2025-01-31 03:35:43.562491,49.54,8,1921.550038,49.54,7,0xcaf00370,0,0,8,2331,10522,2,1,0,6,1,0,30,1,2,1,1,251,2
53860,2025-01-31 03:35:43.562742,0.251,8,1921.55029,0.252,1,0xcaf00370,0,0,8,2331,10522,2,1,0,6,1,0,30,1,2,1,1,251,2
55854,2025-01-31 03:35:43.622519,59.776999999999994,8,1921.610066,59.776,7,0xcaf00370,0,0,8,2387,10578,3,1,0,6,1,0,30,1,2,1,1,253,2
55856,2025-01-31 03:35:43.622633,0.114,8,1921.61018,0.114,1,0xcaf00370,0,0,8,2387,10578,3,1,0,6,1,0,30,1,2,1,1,253,2
57451,2025-01-31 03:35:43.672684,50.050999999999995,8,1921.660231,50.051,7,0xcaf00370,0,0,8,2445,10636,0,0,0,6,1,0,30,1,2,1,1,253,2
57458,2025-01-31 03:35:43.672812,0.128,8,1921.66036,0.129,1,0xcaf00370,0,0,8,2445,10636,0,0,0,6,1,0,30,1,2,1,1,253,2
59469,2025-01-31 03:35:43.732868,60.056,8,1921.720415,60.055,7,0xcaf00370,0,0,8,2445,10636,1,1,0,30,1,0,0,2,0,0,9,133,0
59474,2025-01-31 03:35:43.732989,0.121,8,1921.720536,0.121,1,0xcaf00370,0,0,8,2445,10636,1,1,0,30,1,0,0,2,0,0,9,133,0
61130,2025-01-31 03:35:43.782790,49.800999999999995,8,1921.770337,49.801,7,0xcaf00370,0,0,8,2704,10895,2,1,0,6,1,0,30,1,2,1,1,0,2
61139,2025-01-31 03:35:43.782931,0.14100000000000001,8,1921.770478,0.141,1,0xcaf00370,0,0,8,2704,10895,2,1,0,6,1,0,30,1,2,1,1,0,2
63114,2025-01-31 03:35:43.842700,59.769000000000005,8,1921.830248,59.77,7,0xcaf00370,0,0,8,3064,11255,3,1,0,6,1,0,30,1,2,1,1,0,2
63124,2025-01-31 03:35:43.842979,0.279,8,1921.830527,0.279,1,0xcaf00370,0,0,8,3064,11255,3,1,0,6,1,0,30,1,2,1,1,0,2
64816,2025-01-31 03:35:43.892885,49.906,8,1921.880432,49.905,7,0xcaf00370,0,0,8,3222,11413,0,1,0,6,1,0,30,1,2,1,1,0,2
64821,2025-01-31 03:35:43.893050,0.165,8,1921.880597,0.165,1,0xcaf00370,0,0,8,3222,11413,0,1,0,6,1,0,30,1,2,1,1,0,2
66723,2025-01-31 03:35:43.952639,59.589000000000006,8,1921.940186,59.589,7,0xcaf00370,0,0,8,4550,12741,1,1,0,6,1,0,30,1,2,1,1,0,2
66736,2025-01-31 03:35:43.952895,0.256,8,1921.940442,0.256,1,0xcaf00370,0,0,8,4550,12741,1,1,0,6,1,0,30,1,2,1,1,0,2
68401,2025-01-31 03:35:44.002510,49.615,8,1921.990058,49.616,7,0xcaf00370,0,0,8,4672,12863,2,1,0,6,1,0,30,1,2,1,1,1,2
68414,2025-01-31 03:35:44.002796,0.28600000000000003,8,1921.990343,0.285,1,0xcaf00370,0,0,8,4672,12863,2,1,0,6,1,0,30,1,2,1,1,1,2
70343,2025-01-31 03:35:44.062738,59.942,8,1922.050285,59.942,7,0xcaf00370,0,0,8,4818,13009,3,1,0,6,1,0,30,1,2,1,1,0,2
70344,2025-01-31 03:35:44.062751,0.013,8,1922.050298,0.013,1,0xcaf00370,0,0,8,4818,13009,3,1,0,6,1,0,30,1,2,1,1,0,2
73977,2025-01-31 03:35:44.172668,109.917,8,1922.160215,109.917,1,0xcaf00370,0,0,8,6068,6068,0,1,0,6,1,0,30,1,2,1,1,0,2
73984,2025-01-31 03:35:44.172744,0.076,8,1922.160291,0.076,7,0xcaf00370,0,0,8,6068,6068,0,1,0,6,1,0,30,1,2,1,1,0,2
75744,2025-01-31 03:35:44.222614,49.87,8,1922.210161,49.87,1,0xcaf00370,0,0,8,6810,6810,1,0,0,6,1,0,24,1,2,1,1,0,2
75748,2025-01-31 03:35:44.222703,0.089,8,1922.21025,0.089,7,0xcaf00370,0,0,8,6810,6810,1,0,0,6,1,0,24,1,2,1,1,0,2
77707,2025-01-31 03:35:44.282643,59.94,8,1922.27019,59.94,1,0xcaf00370,0,0,8,6810,6810,2,1,0,27,1,0,6,4,0,1,12,248,1
77710,2025-01-31 03:35:44.282702,0.059,8,1922.270249,0.059,7,0xcaf00370,0,0,8,6810,6810,2,1,0,27,1,0,6,4,0,1,12,248,1
79313,2025-01-31 03:35:44.332738,50.035999999999994,8,1922.320285,50.036,7,0xcaf00370,0,0,8,7594,7594,3,0,0,6,1,0,30,1,2,1,1,1,2
79319,2025-01-31 03:35:44.332897,0.159,8,1922.320445,0.16,1,0xcaf00370,0,0,8,7594,7594,3,0,0,6,1,0,30,1,2,1,1,1,2
81361,2025-01-31 03:35:44.392987,60.089999999999996,8,1922.380534,60.089,1,0xcaf00370,0,0,8,7594,7594,0,1,0,28,1,0,0,4,0,0,3,132,0
81364,2025-01-31 03:35:44.393006,0.019,8,1922.380553,0.019,7,0xcaf00370,0,0,8,7594,7594,0,1,0,28,1,0,0,4,0,0,3,132,0
82930,2025-01-31 03:35:44.442428,49.422000000000004,8,1922.429975,49.422,7,0xcaf00370,0,0,8,2034,10225,1,0,0,6,1,0,25,1,2,1,1,1,2
82933,2025-01-31 03:35:44.442591,0.163,8,1922.430138,0.163,1,0xcaf00370,0,0,8,2034,10225,1,0,0,6,1,0,25,1,2,1,1,1,2
85283,2025-01-31 03:35:44.513313,70.722,8,1922.500861,70.723,1,0xcaf00370,0,0,8,2034,10225,2,1,0,29,1,0,5,2,0,1,9,250,1
85289,2025-01-31 03:35:44.513399,0.08600000000000001,8,1922.500946,0.085,7,0xcaf00370,0,0,8,2034,10225,2,1,0,29,1,0,5,2,0,1,9,250,1
86861,2025-01-31 03:35:44.562490,49.091,8,1922.550037,49.091,7,0xcaf00370,0,0,8,2331,10522,3,1,0,6,1,0,30,1,2,1,1,251,2
86864,2025-01-31 03:35:44.562577,0.087,8,1922.550124,0.087,1,0xcaf00370,0,0,8,2331,10522,3,1,0,6,1,0,30,1,2,1,1,251,2
88881,2025-01-31 03:35:44.622605,60.028,8,1922.610152,60.028,7,0xcaf00370,0,0,8,2387,10578,0,1,0,6,1,0,30,1,2,1,1,253,2
88882,2025-01-31 03:35:44.622627,0.022,8,1922.610174,0.022,1,0xcaf00370,0,0,8,2387,10578,0,1,0,6,1,0,30,1,2,1,1,253,2
90531,2025-01-31 03:35:44.673029,50.402,8,1922.660576,50.402,7,0xcaf00370,0,0,8,2445,10636,1,0,0,6,1,0,30,1,2,1,1,253,2
90539,2025-01-31 03:35:44.673224,0.195,8,1922.660771,0.195,1,0xcaf00370,0,0,8,2445,10636,1,0,0,6,1,0,30,1,2,1,1,253,2
92555,2025-01-31 03:35:44.733171,59.947,8,1922.720718,59.947,1,0xcaf00370,0,0,8,2445,10636,2,1,0,30,1,0,0,2,0,0,9,133,0
92560,2025-01-31 03:35:44.733330,0.159,8,1922.720877,0.159,7,0xcaf00370,0,0,8,2445,10636,2,1,0,30,1,0,0,2,0,0,9,133,0
94201,2025-01-31 03:35:44.782385,49.055,8,1922.769932,49.055,7,0xcaf00370,0,0,8,2704,10895,3,1,0,6,1,0,30,1,2,1,1,0,2
94208,2025-01-31 03:35:44.782555,0.17,8,1922.770102,0.17,1,0xcaf00370,0,0,8,2704,10895,3,1,0,6,1,0,30,1,2,1,1,0,2
96138,2025-01-31 03:35:44.842461,59.906,8,1922.830008,59.906,7,0xcaf00370,0,0,8,3064,11255,0,1,0,6,1,0,30,1,2,1,1,0,2
96144,2025-01-31 03:35:44.842628,0.16699999999999998,8,1922.830175,0.167,1,0xcaf00370,0,0,8,3064,11255,0,1,0,6,1,0,30,1,2,1,1,0,2
97916,2025-01-31 03:35:44.892701,50.073,8,1922.880248,50.073,7,0xcaf00370,0,0,8,3222,11413,1,1,0,6,1,0,30,1,2,1,1,0,2
97932,2025-01-31 03:35:44.892956,0.255,8,1922.880503,0.255,1,0xcaf00370,0,0,8,3222,11413,1,1,0,6,1,0,30,1,2,1,1,0,2
99466,2025-01-31 03:35:44.942694,49.738,8,1922.930241,49.738,7,0xcaf00370,0,0,8,4550,12741,2,1,0,6,1,0,30,1,2,1,1,0,2
99475,2025-01-31 03:35:44.942867,0.17300000000000001,8,1922.930414,0.173,1,0xcaf00370,0,0,8,4550,12741,2,1,0,6,1,0,30,1,2,1,1,0,2
101236,2025-01-31 03:35:44.993349,50.482,8,1922.980896,50.482,7,0xcaf00370,0,0,8,4672,12863,3,1,0,6,1,0,30,1,2,1,1,1,2
101245,2025-01-31 03:35:44.993570,0.221,8,1922.981118,0.222,1,0xcaf00370,0,0,8,4672,12863,3,1,0,6,1,0,30,1,2,1,1,1,2
103422,2025-01-31 03:35:45.062430,68.86,8,1923.049977,68.859,7,0xcaf00370,0,0,8,4818,13009,0,1,0,6,1,0,30,1,2,1,1,0,2
103425,2025-01-31 03:35:45.062611,0.18100000000000002,8,1923.050158,0.181,1,0xcaf00370,0,0,8,4818,13009,0,1,0,6,1,0,30,1,2,1,1,0,2
106718,2025-01-31 03:35:45.162433,99.82199999999999,8,1923.14998,99.822,7,0xcaf00370,0,0,8,6068,6068,1,1,0,6,1,0,30,1,2,1,1,0,2
106722,2025-01-31 03:35:45.162620,0.187,8,1923.150167,0.187,1,0xcaf00370,0,0,8,6068,6068,1,1,0,6,1,0,30,1,2,1,1,0,2
108486,2025-01-31 03:35:45.212529,49.909,8,1923.200076,49.909,7,0xcaf00370,0,0,8,6810,6810,2,0,0,6,1,0,24,1,2,1,1,0,2
108497,2025-01-31 03:35:45.212720,0.191,8,1923.200267,0.191,1,0xcaf00370,0,0,8,6810,6810,2,0,0,6,1,0,24,1,2,1,1,0,2
110914,2025-01-31 03:35:45.282690,69.97,8,1923.270237,69.97,7,0xcaf00370,0,0,8,6810,6810,3,1,0,27,1,0,6,4,0,1,12,248,1
110924,2025-01-31 03:35:45.282886,0.196,8,1923.270433,0.196,1,0xcaf00370,0,0,8,6810,6810,3,1,0,27,1,0,6,4,0,1,12,248,1
112538,2025-01-31 03:35:45.332689,49.803,8,1923.320236,49.803,7,0xcaf00370,0,0,8,7594,7594,0,0,0,6,1,0,30,1,2,1,1,1,2
112551,2025-01-31 03:35:45.332950,0.261,8,1923.320497,0.261,1,0xcaf00370,0,0,8,7594,7594,0,0,0,6,1,0,30,1,2,1,1,1,2
114627,2025-01-31 03:35:45.392912,59.962,8,1923.380459,59.962,7,0xcaf00370,0,0,8,7594,7594,1,1,0,28,1,0,0,4,0,0,3,132,0
114636,2025-01-31 03:35:45.393099,0.187,8,1923.380647,0.188,1,0xcaf00370,0,0,8,7594,7594,1,1,0,28,1,0,0,4,0,0,3,132,0
116187,2025-01-31 03:35:45.442677,49.577999999999996,8,1923.430224,49.577,7,0xcaf00370,0,0,8,2034,10225,2,0,0,6,1,0,25,1,2,1,1,1,2
116195,2025-01-31 03:35:45.442885,0.208,8,1923.430433,0.209,1,0xcaf00370,0,0,8,2034,10225,2,0,0,6,1,0,25,1,2,1,1,1,2
118219,2025-01-31 03:35:45.502678,59.793,8,1923.490225,59.792,7,0xcaf00370,0,0,8,2034,10225,3,1,0,29,1,0,5,2,0,1,9,250,1
118230,2025-01-31 03:35:45.502888,0.21000000000000002,8,1923.490436,0.211,1,0xcaf00370,0,0,8,2034,10225,3,1,0,29,1,0,5,2,0,1,9,250,1
119872,2025-01-31 03:35:45.553553,50.665,8,1923.5411,50.664,7,0xcaf00370,0,0,8,2331,10522,0,1,0,6,1,0,30,1,2,1,1,251,2
119878,2025-01-31 03:35:45.553769,0.216,8,1923.541316,0.216,1,0xcaf00370,0,0,8,2331,10522,0,1,0,6,1,0,30,1,2,1,1,251,2
122170,2025-01-31 03:35:45.622399,68.63,8,1923.609946,68.63,7,0xcaf00370,0,0,8,2387,10578,1,1,0,6,1,0,30,1,2,1,1,253,2
122172,2025-01-31 03:35:45.622618,0.219,8,1923.610166,0.22,1,0xcaf00370,0,0,8,2387,10578,1,1,0,6,1,0,30,1,2,1,1,253,2
123790,2025-01-31 03:35:45.672648,50.03,8,1923.660195,50.029,7,0xcaf00370,0,0,8,2445,10636,2,0,0,6,1,0,30,1,2,1,1,253,2
123802,2025-01-31 03:35:45.672955,0.307,8,1923.660502,0.307,1,0xcaf00370,0,0,8,2445,10636,2,0,0,6,1,0,30,1,2,1,1,253,2
126090,2025-01-31 03:35:45.742683,69.728,8,1923.73023,69.728,7,0xcaf00370,0,0,8,2445,10636,3,1,0,30,1,0,0,2,0,0,9,133,0
126099,2025-01-31 03:35:45.742909,0.22599999999999998,8,1923.730457,0.227,1,0xcaf00370,0,0,8,2445,10636,3,1,0,30,1,0,0,2,0,0,9,133,0
127801,2025-01-31 03:35:45.792985,50.076,8,1923.780532,50.075,7,0xcaf00370,0,0,8,2704,10895,0,1,0,6,1,0,30,1,2,1,1,0,2
127803,2025-01-31 03:35:45.793015,0.030000000000000002,8,1923.780563,0.031,1,0xcaf00370,0,0,8,2704,10895,0,1,0,6,1,0,30,1,2,1,1,0,2
129742,2025-01-31 03:35:45.852685,59.67,8,1923.840232,59.669,7,0xcaf00370,0,0,8,3064,11255,1,1,0,6,1,0,30,1,2,1,1,0,2
129752,2025-01-31 03:35:45.852944,0.259,8,1923.840491,0.259,1,0xcaf00370,0,0,8,3064,11255,1,1,0,6,1,0,30,1,2,1,1,0,2
131427,2025-01-31 03:35:45.902397,49.452999999999996,8,1923.889944,49.453,7,0xcaf00370,0,0,8,3222,11413,2,1,0,6,1,0,30,1,2,1,1,0,2
131430,2025-01-31 03:35:45.902615,0.21800000000000003,8,1923.890162,0.218,1,0xcaf00370,0,0,8,3222,11413,2,1,0,6,1,0,30,1,2,1,1,0,2
133313,2025-01-31 03:35:45.962418,59.803000000000004,8,1923.949965,59.803,7,0xcaf00370,0,0,8,4550,12741,3,1,0,6,1,0,30,1,2,1,1,0,2
133318,2025-01-31 03:35:45.962633,0.215,8,1923.95018,0.215,1,0xcaf00370,0,0,8,4550,12741,3,1,0,6,1,0,30,1,2,1,1,0,2
135031,2025-01-31 03:35:46.012684,50.050999999999995,8,1924.000231,50.051,7,0xcaf00370,0,0,8,4672,12863,0,1,0,6,1,0,30,1,2,1,1,1,2
135043,2025-01-31 03:35:46.012953,0.26899999999999996,8,1924.0005,0.269,1,0xcaf00370,0,0,8,4672,12863,0,1,0,6,1,0,30,1,2,1,1,1,2
137327,2025-01-31 03:35:46.082849,69.896,8,1924.070396,69.896,7,0xcaf00370,0,0,8,4818,13009,1,1,0,6,1,0,30,1,2,1,1,0,2
137339,2025-01-31 03:35:46.083120,0.27099999999999996,8,1924.070667,0.271,1,0xcaf00370,0,0,8,4818,13009,1,1,0,6,1,0,30,1,2,1,1,0,2
140994,2025-01-31 03:35:46.193034,109.914,8,1924.180581,109.914,7,0xcaf00370,0,0,8,6068,6068,2,1,0,6,1,0,30,1,2,1,1,0,2
140997,2025-01-31 03:35:46.193156,0.122,8,1924.180703,0.122,1,0xcaf00370,0,0,8,6068,6068,2,1,0,6,1,0,30,1,2,1,1,0,2
142586,2025-01-31 03:35:46.242447,49.291000000000004,8,1924.229994,49.291,7,0xcaf00370,0,0,8,6810,6810,3,0,0,6,1,0,24,1,2,1,1,0,2
142588,2025-01-31 03:35:46.242641,0.194,8,1924.230188,0.194,1,0xcaf00370,0,0,8,6810,6810,3,0,0,6,1,0,24,1,2,1,1,0,2
144589,2025-01-31 03:35:46.302486,59.845,8,1924.290033,59.845,7,0xcaf00370,0,0,8,6810,6810,0,1,0,27,1,0,6,4,0,1,12,248,1
144593,2025-01-31 03:35:46.302677,0.191,8,1924.290225,0.192,1,0xcaf00370,0,0,8,6810,6810,0,1,0,27,1,0,6,4,0,1,12,248,1
146213,2025-01-31 03:35:46.352758,50.081,8,1924.340305,50.08,7,0xcaf00370,0,0,8,7594,7594,1,0,0,6,1,0,30,1,2,1,1,1,2
146223,2025-01-31 03:35:46.352974,0.216,8,1924.340521,0.216,1,0xcaf00370,0,0,8,7594,7594,1,0,0,6,1,0,30,1,2,1,1,1,2
148565,2025-01-31 03:35:46.422757,69.783,8,1924.410304,69.783,7,0xcaf00370,0,0,8,7594,7594,2,1,0,28,1,0,0,4,0,0,3,132,0
148574,2025-01-31 03:35:46.422942,0.185,8,1924.410489,0.185,1,0xcaf00370,0,0,8,7594,7594,2,1,0,28,1,0,0,4,0,0,3,132,0
150159,2025-01-31 03:35:46.472748,49.806000000000004,8,1924.460295,49.806,7,0xcaf00370,0,0,8,2034,10225,3,0,0,6,1,0,25,1,2,1,1,1,2
150170,2025-01-31 03:35:46.472979,0.231,8,1924.460527,0.232,1,0xcaf00370,0,0,8,2034,10225,3,0,0,6,1,0,25,1,2,1,1,1,2
151857,2025-01-31 03:35:46.522800,49.821,8,1924.510347,49.82,7,0xcaf00370,0,0,8,2034,10225,0,1,0,29,1,0,5,2,0,1,9,250,1
151867,2025-01-31 03:35:46.522965,0.165,8,1924.510513,0.166,1,0xcaf00370,0,0,8,2034,10225,0,1,0,29,1,0,5,2,0,1,9,250,1
153446,2025-01-31 03:35:46.572771,49.806000000000004,8,1924.560318,49.805,7,0xcaf00370,0,0,8,2331,10522,1,1,0,6,1,0,30,1,2,1,1,251,2
153454,2025-01-31 03:35:46.572974,0.203,8,1924.560522,0.204,1,0xcaf00370,0,0,8,2331,10522,1,1,0,6,1,0,30,1,2,1,1,251,2
155139,2025-01-31 03:35:46.622771,49.797000000000004,8,1924.610318,49.796,7,0xcaf00370,0,0,8,2387,10578,2,1,0,6,1,0,30,1,2,1,1,253,2
155150,2025-01-31 03:35:46.622941,0.17,8,1924.610488,0.17,1,0xcaf00370,0,0,8,2387,10578,2,1,0,6,1,0,30,1,2,1,1,253,2
156774,2025-01-31 03:35:46.673168,50.227000000000004,8,1924.660716,50.228,7,0xcaf00370,0,0,8,2445,10636,3,0,0,6,1,0,30,1,2,1,1,253,2
156776,2025-01-31 03:35:46.673222,0.054,8,1924.660769,0.053,1,0xcaf00370,0,0,8,2445,10636,3,0,0,6,1,0,30,1,2,1,1,253,2
159390,2025-01-31 03:35:46.753098,79.876,8,1924.740645,79.876,7,0xcaf00370,0,0,8,2445,10636,0,1,0,30,1,0,0,2,0,0,9,133,0
159394,2025-01-31 03:35:46.753220,0.122,8,1924.740767,0.122,1,0xcaf00370,0,0,8,2445,10636,0,1,0,30,1,0,0,2,0,0,9,133,0
161089,2025-01-31 03:35:46.802644,49.424,8,1924.790191,49.424,7,0xcaf00370,0,0,8,2704,10895,1,1,0,6,1,0,30,1,2,1,1,0,2
161097,2025-01-31 03:35:46.802807,0.163,8,1924.790354,0.163,1,0xcaf00370,0,0,8,2704,10895,1,1,0,6,1,0,30,1,2,1,1,0,2
163342,2025-01-31 03:35:46.873108,70.301,8,1924.860655,70.301,7,0xcaf00370,0,0,8,3064,11255,2,1,0,6,1,0,30,1,2,1,1,0,2
163345,2025-01-31 03:35:46.873272,0.164,8,1924.860819,0.164,1,0xcaf00370,0,0,8,3064,11255,2,1,0,6,1,0,30,1,2,1,1,0,2
165026,2025-01-31 03:35:46.922807,49.535000000000004,8,1924.910354,49.535,7,0xcaf00370,0,0,8,3222,11413,3,1,0,6,1,0,30,1,2,1,1,0,2
165032,2025-01-31 03:35:46.922966,0.159,8,1924.910513,0.159,1,0xcaf00370,0,0,8,3222,11413,3,1,0,6,1,0,30,1,2,1,1,0,2
166586,2025-01-31 03:35:46.972850,49.884,8,1924.960397,49.884,7,0xcaf00370,0,0,8,4550,12741,0,1,0,6,1,0,30,1,2,1,1,0,2
166589,2025-01-31 03:35:46.973008,0.158,8,1924.960555,0.158,1,0xcaf00370,0,0,8,4550,12741,0,1,0,6,1,0,30,1,2,1,1,0,2
168299,2025-01-31 03:35:47.022767,49.759,8,1925.010314,49.759,7,0xcaf00370,0,0,8,4672,12863,1,1,0,6,1,0,30,1,2,1,1,1,2
168304,2025-01-31 03:35:47.022923,0.156,8,1925.010471,0.157,1,0xcaf00370,0,0,8,4672,12863,1,1,0,6,1,0,30,1,2,1,1,1,2
170254,2025-01-31 03:35:47.082852,59.929,8,1925.070399,59.928,7,0xcaf00370,0,0,8,4818,13009,2,1,0,6,1,0,30,1,2,1,1,0,2
170258,2025-01-31 03:35:47.083005,0.153,8,1925.070552,0.153,1,0xcaf00370,0,0,8,4818,13009,2,1,0,6,1,0,30,1,2,1,1,0,2
173892,2025-01-31 03:35:47.192855,109.85000000000001,8,1925.180402,109.85,7,0xcaf00370,0,0,8,6068,6068,3,1,0,6,1,0,30,1,2,1,1,0,2
173902,2025-01-31 03:35:47.193095,0.24000000000000002,8,1925.180642,0.24,1,0xcaf00370,0,0,8,6068,6068,3,1,0,6,1,0,30,1,2,1,1,0,2
175521,2025-01-31 03:35:47.242531,49.436,8,1925.230078,49.436,7,0xcaf00370,0,0,8,6810,6810,0,0,0,6,1,0,24,1,2,1,1,0,2
175527,2025-01-31 03:35:47.242675,0.14400000000000002,8,1925.230222,0.144,1,0xcaf00370,0,0,8,6810,6810,0,0,0,6,1,0,24,1,2,1,1,0,2
177505,2025-01-31 03:35:47.302728,60.053000000000004,8,1925.290275,60.053,1,0xcaf00370,0,0,8,6810,6810,1,1,0,27,1,0,6,4,0,1,12,248,1
177507,2025-01-31 03:35:47.302761,0.033,8,1925.290308,0.033,7,0xcaf00370,0,0,8,6810,6810,1,1,0,27,1,0,6,4,0,1,12,248,1
179114,2025-01-31 03:35:47.352808,50.047000000000004,8,1925.340355,50.047,7,0xcaf00370,0,0,8,7594,7594,2,0,0,6,1,0,30,1,2,1,1,1,2
179123,2025-01-31 03:35:47.353019,0.211,8,1925.340567,0.212,1,0xcaf00370,0,0,8,7594,7594,2,0,0,6,1,0,30,1,2,1,1,1,2
180880,2025-01-31 03:35:47.402865,49.846000000000004,8,1925.390412,49.845,7,0xcaf00370,0,0,8,7594,7594,3,1,0,28,1,0,0,4,0,0,3,132,0
180889,2025-01-31 03:35:47.403142,0.277,8,1925.39069,0.278,1,0xcaf00370,0,0,8,7594,7594,3,1,0,28,1,0,0,4,0,0,3,132,0
182467,2025-01-31 03:35:47.452821,49.679,8,1925.440368,49.678,7,0xcaf00370,0,0,8,2034,10225,0,0,0,6,1,0,25,1,2,1,1,1,2
182471,2025-01-31 03:35:47.452967,0.146,8,1925.440514,0.146,1,0xcaf00370,0,0,8,2034,10225,0,0,0,6,1,0,25,1,2,1,1,1,2
184828,2025-01-31 03:35:47.522849,69.882,8,1925.510396,69.882,7,0xcaf00370,0,0,8,2034,10225,1,1,0,29,1,0,5,2,0,1,9,250,1
184834,2025-01-31 03:35:47.522980,0.131,8,1925.510528,0.132,1,0xcaf00370,0,0,8,2034,10225,1,1,0,29,1,0,5,2,0,1,9,250,1
186402,2025-01-31 03:35:47.573669,50.689,8,1925.561216,50.688,7,0xcaf00370,0,0,8,2331,10522,2,1,0,6,1,0,30,1,2,1,1,251,2
186407,2025-01-31 03:35:47.573797,0.128,8,1925.561345,0.129,1,0xcaf00370,0,0,8,2331,10522,2,1,0,6,1,0,30,1,2,1,1,251,2
188090,2025-01-31 03:35:47.622575,48.778,8,1925.610122,48.777,7,0xcaf00370,0,0,8,2387,10578,3,1,0,6,1,0,30,1,2,1,1,253,2
188093,2025-01-31 03:35:47.622701,0.126,8,1925.610248,0.126,1,0xcaf00370,0,0,8,2387,10578,3,1,0,6,1,0,30,1,2,1,1,253,2
189728,2025-01-31 03:35:47.674769,52.068000000000005,8,1925.662316,52.068,7,0xcaf00370,0,0,8,2445,10636,0,0,0,6,1,0,30,1,2,1,1,253,2
189740,2025-01-31 03:35:47.675084,0.315,8,1925.662631,0.315,1,0xcaf00370,0,0,8,2445,10636,0,0,0,6,1,0,30,1,2,1,1,253,2
191671,2025-01-31 03:35:47.732985,57.901,8,1925.720533,57.902,7,0xcaf00370,0,0,8,2445,10636,1,1,0,30,1,0,0,2,0,0,9,133,0
191672,2025-01-31 03:35:47.733002,0.017,8,1925.720549,0.016,1,0xcaf00370,0,0,8,2445,10636,1,1,0,30,1,0,0,2,0,0,9,133,0
193315,2025-01-31 03:35:47.783180,50.178,8,1925.770727,50.178,7,0xcaf00370,0,0,8,2704,10895,2,1,0,6,1,0,30,1,2,1,1,0,2
193320,2025-01-31 03:35:47.783325,0.145,8,1925.770872,0.145,1,0xcaf00370,0,0,8,2704,10895,2,1,0,6,1,0,30,1,2,1,1,0,2
195243,2025-01-31 03:35:47.842863,59.538000000000004,8,1925.83041,59.538,7,0xcaf00370,0,0,8,3064,11255,3,1,0,6,1,0,30,1,2,1,1,0,2
195247,2025-01-31 03:35:47.842979,0.116,8,1925.830526,0.116,1,0xcaf00370,0,0,8,3064,11255,3,1,0,6,1,0,30,1,2,1,1,0,2
196947,2025-01-31 03:35:47.893502,50.522999999999996,8,1925.881049,50.523,7,0xcaf00370,0,0,8,3222,11413,0,1,0,6,1,0,30,1,2,1,1,0,2
196950,2025-01-31 03:35:47.893611,0.10900000000000001,8,1925.881158,0.109,1,0xcaf00370,0,0,8,3222,11413,0,1,0,6,1,0,30,1,2,1,1,0,2
199101,2025-01-31 03:35:47.962615,69.00399999999999,8,1925.950162,69.004,7,0xcaf00370,0,0,8,4550,12741,1,1,0,6,1,0,30,1,2,1,1,0,2
199104,2025-01-31 03:35:47.962711,0.096,8,1925.950258,0.096,1,0xcaf00370,0,0,8,4550,12741,1,1,0,6,1,0,30,1,2,1,1,0,2
200865,2025-01-31 03:35:48.013273,50.562000000000005,8,1926.00082,50.562,7,0xcaf00370,0,0,8,4672,12863,2,1,0,6,1,0,30,1,2,1,1,1,2
200869,2025-01-31 03:35:48.013362,0.089,8,1926.000909,0.089,1,0xcaf00370,0,0,8,4672,12863,2,1,0,6,1,0,30,1,2,1,1,1,2
202405,2025-01-31 03:35:48.062611,49.249,8,1926.050158,49.249,7,0xcaf00370,0,0,8,4818,13009,3,1,0,6,1,0,30,1,2,1,1,0,2
202409,2025-01-31 03:35:48.062690,0.079,8,1926.050237,0.079,1,0xcaf00370,0,0,8,4818,13009,3,1,0,6,1,0,30,1,2,1,1,0,2
206029,2025-01-31 03:35:48.173197,110.50699999999999,8,1926.160744,110.507,7,0xcaf00370,0,0,8,6068,6068,0,1,0,6,1,0,30,1,2,1,1,0,2
206031,2025-01-31 03:35:48.173257,0.060000000000000005,8,1926.160804,0.06,1,0xcaf00370,0,0,8,6068,6068,0,1,0,6,1,0,30,1,2,1,1,0,2
207965,2025-01-31 03:35:48.223298,50.041000000000004,8,1926.210845,50.041,1,0xcaf00370,0,0,8,6810,6810,1,0,0,6,1,0,24,1,2,1,1,0,2
207966,2025-01-31 03:35:48.223305,0.007,8,1926.210852,0.007,7,0xcaf00370,0,0,8,6810,6810,1,0,0,6,1,0,24,1,2,1,1,0,2
210517,2025-01-31 03:35:48.302672,79.36699999999999,8,1926.290219,79.367,7,0xcaf00370,0,0,8,6810,6810,2,1,0,27,1,0,6,4,0,1,12,248,1
210520,2025-01-31 03:35:48.302709,0.037,8,1926.290256,0.037,1,0xcaf00370,0,0,8,6810,6810,2,1,0,27,1,0,6,4,0,1,12,248,1
212145,2025-01-31 03:35:48.353122,50.413,8,1926.340669,50.413,7,0xcaf00370,0,0,8,7594,7594,3,0,0,6,1,0,30,1,2,1,1,1,2
212146,2025-01-31 03:35:48.353149,0.027,8,1926.340696,0.027,1,0xcaf00370,0,0,8,7594,7594,3,0,0,6,1,0,30,1,2,1,1,1,2
213898,2025-01-31 03:35:48.402607,49.458,8,1926.390154,49.458,7,0xcaf00370,0,0,8,7594,7594,0,1,0,28,1,0,0,4,0,0,3,132,0
213900,2025-01-31 03:35:48.402625,0.018000000000000002,8,1926.390173,0.019,1,0xcaf00370,0,0,8,7594,7594,0,1,0,28,1,0,0,4,0,0,3,132,0
215550,2025-01-31 03:35:48.453138,50.513000000000005,8,1926.440685,50.512,7,0xcaf00370,0,0,8,2034,10225,1,0,0,6,1,0,25,1,2,1,1,1,2
215551,2025-01-31 03:35:48.453148,0.01,8,1926.440695,0.01,1,0xcaf00370,0,0,8,2034,10225,1,0,0,6,1,0,25,1,2,1,1,1,2
217891,2025-01-31 03:35:48.522648,69.5,8,1926.510195,69.5,1,0xcaf00370,0,0,8,2034,10225,2,1,0,29,1,0,5,2,0,1,9,250,1
217892,2025-01-31 03:35:48.522650,0.002,8,1926.510198,0.003,7,0xcaf00370,0,0,8,2034,10225,2,1,0,29,1,0,5,2,0,1,9,250,1
219467,2025-01-31 03:35:48.573404,50.754,8,1926.560951,50.753,1,0xcaf00370,0,0,8,2331,10522,3,1,0,6,1,0,30,1,2,1,1,251,2
219468,2025-01-31 03:35:48.573417,0.013,8,1926.560964,0.013,7,0xcaf00370,0,0,8,2331,10522,3,1,0,6,1,0,30,1,2,1,1,251,2
221186,2025-01-31 03:35:48.622881,49.464,8,1926.610429,49.465,1,0xcaf00370,0,0,8,2387,10578,0,1,0,6,1,0,30,1,2,1,1,253,2
221188,2025-01-31 03:35:48.622965,0.08399999999999999,8,1926.610513,0.084,7,0xcaf00370,0,0,8,2387,10578,0,1,0,6,1,0,30,1,2,1,1,253,2
222762,2025-01-31 03:35:48.673541,50.576,8,1926.661088,50.575,1,0xcaf00370,0,0,8,2445,10636,1,0,0,6,1,0,30,1,2,1,1,253,2
222764,2025-01-31 03:35:48.673570,0.029,8,1926.661117,0.029,7,0xcaf00370,0,0,8,2445,10636,1,0,0,6,1,0,30,1,2,1,1,253,2
224495,2025-01-31 03:35:48.722748,49.178,8,1926.710295,49.178,1,0xcaf00370,0,0,8,2445,10636,2,1,0,30,1,0,0,2,0,0,9,133,0
224498,2025-01-31 03:35:48.722770,0.022,8,1926.710317,0.022,7,0xcaf00370,0,0,8,2445,10636,2,1,0,30,1,0,0,2,0,0,9,133,0
226056,2025-01-31 03:35:48.773171,50.401,8,1926.760718,50.401,1,0xcaf00370,0,0,8,2704,10895,3,1,0,6,1,0,30,1,2,1,1,0,2
226057,2025-01-31 03:35:48.773218,0.047,8,1926.760765,0.047,7,0xcaf00370,0,0,8,2704,10895,3,1,0,6,1,0,30,1,2,1,1,0,2
228096,2025-01-31 03:35:48.833259,60.041,8,1926.820806,60.041,1,0xcaf00370,0,0,8,3064,11255,0,1,0,6,1,0,30,1,2,1,1,0,2
228098,2025-01-31 03:35:48.833317,0.058,8,1926.820864,0.058,7,0xcaf00370,0,0,8,3064,11255,0,1,0,6,1,0,30,1,2,1,1,0,2
229745,2025-01-31 03:35:48.883172,49.855,8,1926.870719,49.855,1,0xcaf00370,0,0,8,3222,11413,1,1,0,6,1,0,30,1,2,1,1,0,2
229747,2025-01-31 03:35:48.883212,0.04,8,1926.870759,0.04,7,0xcaf00370,0,0,8,3222,11413,1,1,0,6,1,0,30,1,2,1,1,0,2
231645,2025-01-31 03:35:48.942612,59.4,8,1926.930159,59.4,1,0xcaf00370,0,0,8,4550,12741,2,1,0,6,1,0,30,1,2,1,1,0,2
231647,2025-01-31 03:35:48.942675,0.063,8,1926.930222,0.063,7,0xcaf00370,0,0,8,4550,12741,2,1,0,6,1,0,30,1,2,1,1,0,2
233382,2025-01-31 03:35:48.993103,50.428,8,1926.98065,50.428,1,0xcaf00370,0,0,8,4672,12863,3,1,0,6,1,0,30,1,2,1,1,1,2
233387,2025-01-31 03:35:48.993263,0.16,8,1926.980811,0.161,7,0xcaf00370,0,0,8,4672,12863,3,1,0,6,1,0,30,1,2,1,1,1,2
235603,2025-01-31 03:35:49.062976,69.713,8,1927.050523,69.712,7,0xcaf00370,0,0,8,4818,13009,0,1,0,6,1,0,30,1,2,1,1,0,2
235612,2025-01-31 03:35:49.063278,0.30200000000000005,8,1927.050826,0.303,1,0xcaf00370,0,0,8,4818,13009,0,1,0,6,1,0,30,1,2,1,1,0,2
238931,2025-01-31 03:35:49.162988,99.71,8,1927.150535,99.709,7,0xcaf00370,0,0,8,6068,6068,1,1,0,6,1,0,30,1,2,1,1,0,2
238941,2025-01-31 03:35:49.163292,0.304,8,1927.150839,0.304,1,0xcaf00370,0,0,8,6068,6068,1,1,0,6,1,0,30,1,2,1,1,0,2
240627,2025-01-31 03:35:49.212577,49.285000000000004,8,1927.200125,49.286,7,0xcaf00370,0,0,8,6810,6810,2,0,0,6,1,0,24,1,2,1,1,0,2
240631,2025-01-31 03:35:49.212618,0.041,8,1927.200165,0.04,1,0xcaf00370,0,0,8,6810,6810,2,0,0,6,1,0,24,1,2,1,1,0,2
242572,2025-01-31 03:35:49.272795,60.177,8,1927.260343,60.178,1,0xcaf00370,0,0,8,6810,6810,3,1,0,27,1,0,6,4,0,1,12,248,1
242575,2025-01-31 03:35:49.272845,0.05,8,1927.260392,0.049,7,0xcaf00370,0,0,8,6810,6810,3,1,0,27,1,0,6,4,0,1,12,248,1
244285,2025-01-31 03:35:49.323107,50.262,8,1927.310655,50.263,1,0xcaf00370,0,0,8,7594,7594,0,0,0,6,1,0,30,1,2,1,1,1,2
244286,2025-01-31 03:35:49.323157,0.05,8,1927.310704,0.049,7,0xcaf00370,0,0,8,7594,7594,0,0,0,6,1,0,30,1,2,1,1,1,2
246250,2025-01-31 03:35:49.383905,60.748000000000005,8,1927.371452,60.748,1,0xcaf00370,0,0,8,7594,7594,1,1,0,28,1,0,0,4,0,0,3,132,0
246257,2025-01-31 03:35:49.384006,0.101,8,1927.371553,0.101,7,0xcaf00370,0,0,8,7594,7594,1,1,0,28,1,0,0,4,0,0,3,132,0
247898,2025-01-31 03:35:49.432992,48.986000000000004,8,1927.42054,48.987,7,0xcaf00370,0,0,8,2034,10225,2,0,0,6,1,0,25,1,2,1,1,1,2
247904,2025-01-31 03:35:49.433167,0.175,8,1927.420714,0.174,1,0xcaf00370,0,0,8,2034,10225,2,0,0,6,1,0,25,1,2,1,1,1,2
249873,2025-01-31 03:35:49.493249,60.082,8,1927.480796,60.082,1,0xcaf00370,0,0,8,2034,10225,3,1,0,29,1,0,5,2,0,1,9,250,1
249875,2025-01-31 03:35:49.493250,0.001,8,1927.480797,0.001,7,0xcaf00370,0,0,8,2034,10225,3,1,0,29,1,0,5,2,0,1,9,250,1
251429,2025-01-31 03:35:49.542680,49.43,8,1927.530227,49.43,7,0xcaf00370,0,0,8,2331,10522,0,1,0,6,1,0,30,1,2,1,1,251,2
251432,2025-01-31 03:35:49.542716,0.036000000000000004,8,1927.530263,0.036,1,0xcaf00370,0,0,8,2331,10522,0,1,0,6,1,0,30,1,2,1,1,251,2
253483,2025-01-31 03:35:49.602744,60.028,8,1927.590291,60.028,7,0xcaf00370,0,0,8,2387,10578,1,1,0,6,1,0,30,1,2,1,1,253,2
253505,2025-01-31 03:35:49.603036,0.292,8,1927.590583,0.292,1,0xcaf00370,0,0,8,2387,10578,1,1,0,6,1,0,30,1,2,1,1,253,2
255151,2025-01-31 03:35:49.653145,50.109,8,1927.640693,50.11,7,0xcaf00370,0,0,8,2445,10636,2,0,0,6,1,0,30,1,2,1,1,253,2
255156,2025-01-31 03:35:49.653364,0.219,8,1927.640911,0.218,1,0xcaf00370,0,0,8,2445,10636,2,0,0,6,1,0,30,1,2,1,1,253,2
257794,2025-01-31 03:35:49.733111,79.747,8,1927.720658,79.747,7,0xcaf00370,0,0,8,2445,10636,3,1,0,30,1,0,0,2,0,0,9,133,0
257809,2025-01-31 03:35:49.733587,0.47600000000000003,8,1927.721134,0.476,1,0xcaf00370,0,0,8,2445,10636,3,1,0,30,1,0,0,2,0,0,9,133,0
259420,2025-01-31 03:35:49.783848,50.261,8,1927.771395,50.261,1,0xcaf00370,0,0,8,2704,10895,0,1,0,6,1,0,30,1,2,1,1,0,2
259421,2025-01-31 03:35:49.783849,0.001,8,1927.771397,0.002,7,0xcaf00370,0,0,8,2704,10895,0,1,0,6,1,0,30,1,2,1,1,0,2
261091,2025-01-31 03:35:49.833341,49.492000000000004,8,1927.820888,49.491,7,0xcaf00370,0,0,8,3064,11255,1,1,0,6,1,0,30,1,2,1,1,0,2
261096,2025-01-31 03:35:49.833462,0.121,8,1927.821009,0.121,1,0xcaf00370,0,0,8,3064,11255,1,1,0,6,1,0,30,1,2,1,1,0,2
262703,2025-01-31 03:35:49.883462,50.0,8,1927.871009,50.0,7,0xcaf00370,0,0,8,3222,11413,2,1,0,6,1,0,30,1,2,1,1,0,2
262711,2025-01-31 03:35:49.883624,0.162,8,1927.871171,0.162,1,0xcaf00370,0,0,8,3222,11413,2,1,0,6,1,0,30,1,2,1,1,0,2
264631,2025-01-31 03:35:49.942971,59.346999999999994,8,1927.930518,59.347,1,0xcaf00370,0,0,8,4550,12741,3,1,0,6,1,0,30,1,2,1,1,0,2
264633,2025-01-31 03:35:49.943016,0.045000000000000005,8,1927.930563,0.045,7,0xcaf00370,0,0,8,4550,12741,3,1,0,6,1,0,30,1,2,1,1,0,2
266345,2025-01-31 03:35:49.993217,50.201,8,1927.980765,50.202,1,0xcaf00370,0,0,8,4672,12863,0,1,0,6,1,0,30,1,2,1,1,1,2
266358,2025-01-31 03:35:49.993646,0.429,8,1927.981193,0.428,7,0xcaf00370,0,0,8,4672,12863,0,1,0,6,1,0,30,1,2,1,1,1,2
267932,2025-01-31 03:35:50.043187,49.541000000000004,8,1928.030734,49.541,7,0xcaf00370,0,0,8,4818,13009,1,1,0,6,1,0,30,1,2,1,1,0,2
267941,2025-01-31 03:35:50.043424,0.237,8,1928.030971,0.237,1,0xcaf00370,0,0,8,4818,13009,1,1,0,6,1,0,30,1,2,1,1,0,2
271896,2025-01-31 03:35:50.163484,120.06,8,1928.151031,120.06,7,0xcaf00370,0,0,8,6068,6068,2,1,0,6,1,0,30,1,2,1,1,0,2
271902,2025-01-31 03:35:50.163605,0.121,8,1928.151153,0.122,1,0xcaf00370,0,0,8,6068,6068,2,1,0,6,1,0,30,1,2,1,1,0,2
273590,2025-01-31 03:35:50.213145,49.54,8,1928.200692,49.539,7,0xcaf00370,0,0,8,6810,6810,3,0,0,6,1,0,24,1,2,1,1,0,2
273600,2025-01-31 03:35:50.213340,0.195,8,1928.200887,0.195,1,0xcaf00370,0,0,8,6810,6810,3,0,0,6,1,0,24,1,2,1,1,0,2
275895,2025-01-31 03:35:50.283402,70.062,8,1928.27095,70.063,1,0xcaf00370,0,0,8,6810,6810,0,1,0,27,1,0,6,4,0,1,12,248,1
275909,2025-01-31 03:35:50.283799,0.397,8,1928.271347,0.397,7,0xcaf00370,0,0,8,6810,6810,0,1,0,27,1,0,6,4,0,1,12,248,1
277556,2025-01-31 03:35:50.333247,49.448,8,1928.320795,49.448,7,0xcaf00370,0,0,8,7594,7594,1,0,0,6,1,0,30,1,2,1,1,1,2
277560,2025-01-31 03:35:50.333467,0.22,8,1928.321014,0.219,1,0xcaf00370,0,0,8,7594,7594,1,0,0,6,1,0,30,1,2,1,1,1,2
279178,2025-01-31 03:35:50.383996,50.528999999999996,8,1928.371543,50.529,1,0xcaf00370,0,0,8,7594,7594,2,1,0,28,1,0,0,4,0,0,3,132,0
279188,2025-01-31 03:35:50.384203,0.207,8,1928.371751,0.208,7,0xcaf00370,0,0,8,7594,7594,2,1,0,28,1,0,0,4,0,0,3,132,0
280912,2025-01-31 03:35:50.433498,49.295,8,1928.421045,49.294,7,0xcaf00370,0,0,8,2034,10225,3,0,0,6,1,0,25,1,2,1,1,1,2
280914,2025-01-31 03:35:50.433565,0.067,8,1928.421112,0.067,1,0xcaf00370,0,0,8,2034,10225,3,0,0,6,1,0,25,1,2,1,1,1,2
282848,2025-01-31 03:35:50.493448,59.882999999999996,8,1928.480995,59.883,7,0xcaf00370,0,0,8,2034,10225,0,1,0,29,1,0,5,2,0,1,9,250,1
282867,2025-01-31 03:35:50.493961,0.513,8,1928.481508,0.513,1,0xcaf00370,0,0,8,2034,10225,0,1,0,29,1,0,5,2,0,1,9,250,1
284428,2025-01-31 03:35:50.542749,48.788,8,1928.530296,48.788,7,0xcaf00370,0,0,8,2331,10522,1,1,0,6,1,0,30,1,2,1,1,251,2
284447,2025-01-31 03:35:50.543380,0.631,8,1928.530927,0.631,1,0xcaf00370,0,0,8,2331,10522,1,1,0,6,1,0,30,1,2,1,1,251,2
286461,2025-01-31 03:35:50.603390,60.01,8,1928.590937,60.01,7,0xcaf00370,0,0,8,2387,10578,2,1,0,6,1,0,30,1,2,1,1,253,2
286485,2025-01-31 03:35:50.604080,0.69,8,1928.591627,0.69,1,0xcaf00370,0,0,8,2387,10578,2,1,0,6,1,0,30,1,2,1,1,253,2
288101,2025-01-31 03:35:50.653090,49.01,8,1928.640637,49.01,7,0xcaf00370,0,0,8,2445,10636,3,0,0,6,1,0,30,1,2,1,1,253,2
288125,2025-01-31 03:35:50.653779,0.6890000000000001,8,1928.641327,0.69,1,0xcaf00370,0,0,8,2445,10636,3,0,0,6,1,0,30,1,2,1,1,253,2
290102,2025-01-31 03:35:50.713065,59.286,8,1928.700613,59.286,7,0xcaf00370,0,0,8,2445,10636,0,1,0,30,1,0,0,2,0,0,9,133,0
290146,2025-01-31 03:35:50.713861,0.796,8,1928.701408,0.795,1,0xcaf00370,0,0,8,2445,10636,0,1,0,30,1,0,0,2,0,0,9,133,0
291663,2025-01-31 03:35:50.763032,49.171,8,1928.75058,49.172,7,0xcaf00370,0,0,8,2704,10895,1,1,0,6,1,0,30,1,2,1,1,0,2
291693,2025-01-31 03:35:50.764247,1.2149999999999999,8,1928.751795,1.215,1,0xcaf00370,0,0,8,2704,10895,1,1,0,6,1,0,30,1,2,1,1,0,2
293785,2025-01-31 03:35:50.823258,59.011,8,1928.810805,59.01,7,0xcaf00370,0,0,8,3064,11255,2,1,0,6,1,0,30,1,2,1,1,0,2
293816,2025-01-31 03:35:50.824169,0.911,8,1928.811716,0.911,1,0xcaf00370,0,0,8,3064,11255,2,1,0,6,1,0,30,1,2,1,1,0,2
295351,2025-01-31 03:35:50.873084,48.915,8,1928.860631,48.915,7,0xcaf00370,0,0,8,3222,11413,3,1,0,6,1,0,30,1,2,1,1,0,2
295383,2025-01-31 03:35:50.873958,0.874,8,1928.861505,0.874,1,0xcaf00370,0,0,8,3222,11413,3,1,0,6,1,0,30,1,2,1,1,0,2
297394,2025-01-31 03:35:50.933225,59.267,8,1928.920772,59.267,7,0xcaf00370,0,0,8,4550,12741,0,1,0,6,1,0,30,1,2,1,1,0,2
297418,2025-01-31 03:35:50.934133,0.9079999999999999,8,1928.92168,0.908,1,0xcaf00370,0,0,8,4550,12741,0,1,0,6,1,0,30,1,2,1,1,0,2
298954,2025-01-31 03:35:50.982711,48.578,8,1928.970258,48.578,7,0xcaf00370,0,0,8,4672,12863,1,1,0,6,1,0,30,1,2,1,1,1,2
298980,2025-01-31 03:35:50.983669,0.958,8,1928.971216,0.958,1,0xcaf00370,0,0,8,4672,12863,1,1,0,6,1,0,30,1,2,1,1,1,2
300940,2025-01-31 03:35:51.042743,59.074,8,1929.03029,59.074,7,0xcaf00370,0,0,8,4818,13009,2,1,0,6,1,0,30,1,2,1,1,0,2
300962,2025-01-31 03:35:51.043700,0.957,8,1929.031247,0.957,1,0xcaf00370,0,0,8,4818,13009,2,1,0,6,1,0,30,1,2,1,1,0,2
304601,2025-01-31 03:35:51.153475,109.77499999999999,8,1929.141022,109.775,7,0xcaf00370,0,0,8,6068,6068,3,1,0,6,1,0,30,1,2,1,1,0,2
304631,2025-01-31 03:35:51.154427,0.9520000000000001,8,1929.141974,0.952,1,0xcaf00370,0,0,8,6068,6068,3,1,0,6,1,0,30,1,2,1,1,0,2
306295,2025-01-31 03:35:51.202702,48.275,8,1929.190249,48.275,7,0xcaf00370,0,0,8,6810,6810,0,0,0,6,1,0,24,1,2,1,1,0,2
306326,2025-01-31 03:35:51.203654,0.9520000000000001,8,1929.191201,0.952,1,0xcaf00370,0,0,8,6810,6810,0,0,0,6,1,0,24,1,2,1,1,0,2
308663,2025-01-31 03:35:51.273286,69.632,8,1929.260833,69.632,7,0xcaf00370,0,0,8,6810,6810,1,1,0,27,1,0,6,4,0,1,12,248,1
308693,2025-01-31 03:35:51.274236,0.95,8,1929.261783,0.95,1,0xcaf00370,0,0,8,6810,6810,1,1,0,27,1,0,6,4,0,1,12,248,1
310343,2025-01-31 03:35:51.322685,48.449,8,1929.310232,48.449,7,0xcaf00370,0,0,8,7594,7594,2,0,0,6,1,0,30,1,2,1,1,1,2
310375,2025-01-31 03:35:51.323632,0.9470000000000001,8,1929.311179,0.947,1,0xcaf00370,0,0,8,7594,7594,2,0,0,6,1,0,30,1,2,1,1,1,2
311915,2025-01-31 03:35:51.373305,49.673,8,1929.360852,49.673,7,0xcaf00370,0,0,8,7594,7594,3,1,0,28,1,0,0,4,0,0,3,132,0
311934,2025-01-31 03:35:51.374252,0.9470000000000001,8,1929.3618,0.948,1,0xcaf00370,0,0,8,7594,7594,3,1,0,28,1,0,0,4,0,0,3,132,0
313677,2025-01-31 03:35:51.422708,48.455999999999996,8,1929.410255,48.455,7,0xcaf00370,0,0,8,2034,10225,0,0,0,6,1,0,25,1,2,1,1,1,2
313695,2025-01-31 03:35:51.423641,0.933,8,1929.411188,0.933,1,0xcaf00370,0,0,8,2034,10225,0,0,0,6,1,0,25,1,2,1,1,1,2
315599,2025-01-31 03:35:51.482716,59.075,8,1929.470263,59.075,7,0xcaf00370,0,0,8,2034,10225,1,1,0,29,1,0,5,2,0,1,9,250,1
315625,2025-01-31 03:35:51.483660,0.944,8,1929.471207,0.944,1,0xcaf00370,0,0,8,2034,10225,1,1,0,29,1,0,5,2,0,1,9,250,1
317289,2025-01-31 03:35:51.533253,49.592999999999996,8,1929.520801,49.594,7,0xcaf00370,0,0,8,2331,10522,2,1,0,6,1,0,30,1,2,1,1,251,2
317310,2025-01-31 03:35:51.534197,0.944,8,1929.521744,0.943,1,0xcaf00370,0,0,8,2331,10522,2,1,0,6,1,0,30,1,2,1,1,251,2
319245,2025-01-31 03:35:51.593834,59.637,8,1929.581381,59.637,7,0xcaf00370,0,0,8,2387,10578,3,1,0,6,1,0,30,1,2,1,1,253,2
319276,2025-01-31 03:35:51.594739,0.905,8,1929.582286,0.905,1,0xcaf00370,0,0,8,2387,10578,3,1,0,6,1,0,30,1,2,1,1,253,2
320860,2025-01-31 03:35:51.642654,47.915,8,1929.630201,47.915,7,0xcaf00370,0,0,8,2445,10636,0,0,0,6,1,0,30,1,2,1,1,253,2
320885,2025-01-31 03:35:51.643592,0.9380000000000001,8,1929.631139,0.938,1,0xcaf00370,0,0,8,2445,10636,0,0,0,6,1,0,30,1,2,1,1,253,2
322855,2025-01-31 03:35:51.702694,59.102000000000004,8,1929.690241,59.102,7,0xcaf00370,0,0,8,2445,10636,1,1,0,30,1,0,0,2,0,0,9,133,0
322888,2025-01-31 03:35:51.703631,0.937,8,1929.691179,0.938,1,0xcaf00370,0,0,8,2445,10636,1,1,0,30,1,0,0,2,0,0,9,133,0
324493,2025-01-31 03:35:51.752980,49.349,8,1929.740527,49.348,7,0xcaf00370,0,0,8,2704,10895,2,1,0,6,1,0,30,1,2,1,1,0,2
324515,2025-01-31 03:35:51.753883,0.903,8,1929.74143,0.903,1,0xcaf00370,0,0,8,2704,10895,2,1,0,6,1,0,30,1,2,1,1,0,2
326468,2025-01-31 03:35:51.813174,59.291000000000004,8,1929.800721,59.291,7,0xcaf00370,0,0,8,3064,11255,3,1,0,6,1,0,30,1,2,1,1,0,2
326505,2025-01-31 03:35:51.814085,0.911,8,1929.801632,0.911,1,0xcaf00370,0,0,8,3064,11255,3,1,0,6,1,0,30,1,2,1,1,0,2
328061,2025-01-31 03:35:51.863120,49.035000000000004,8,1929.850667,49.035,7,0xcaf00370,0,0,8,3222,11413,0,1,0,6,1,0,30,1,2,1,1,0,2
328085,2025-01-31 03:35:51.864261,1.141,8,1929.851808,1.141,1,0xcaf00370,0,0,8,3222,11413,0,1,0,6,1,0,30,1,2,1,1,0,2
330418,2025-01-31 03:35:51.933053,68.792,8,1929.9206,68.792,7,0xcaf00370,0,0,8,4550,12741,1,1,0,6,1,0,30,1,2,1,1,0,2
330433,2025-01-31 03:35:51.933891,0.838,8,1929.921438,0.838,1,0xcaf00370,0,0,8,4550,12741,1,1,0,6,1,0,30,1,2,1,1,0,2
331987,2025-01-31 03:35:51.982689,48.798,8,1929.970236,48.798,7,0xcaf00370,0,0,8,4672,12863,2,1,0,6,1,0,30,1,2,1,1,1,2
332011,2025-01-31 03:35:51.983605,0.916,8,1929.971152,0.916,1,0xcaf00370,0,0,8,4672,12863,2,1,0,6,1,0,30,1,2,1,1,1,2
333944,2025-01-31 03:35:52.042689,59.083999999999996,8,1930.030236,59.084,7,0xcaf00370,0,0,8,4818,13009,3,1,0,6,1,0,30,1,2,1,1,0,2
333978,2025-01-31 03:35:52.043602,0.9129999999999999,8,1930.031149,0.913,1,0xcaf00370,0,0,8,4818,13009,3,1,0,6,1,0,30,1,2,1,1,0,2
337592,2025-01-31 03:35:52.153236,109.634,8,1930.140783,109.634,7,0xcaf00370,0,0,8,6068,6068,0,1,0,6,1,0,30,1,2,1,1,0,2
337614,2025-01-31 03:35:52.154143,0.907,8,1930.14169,0.907,1,0xcaf00370,0,0,8,6068,6068,0,1,0,6,1,0,30,1,2,1,1,0,2
339241,2025-01-31 03:35:52.203133,48.99,8,1930.190681,48.991,7,0xcaf00370,0,0,8,6810,6810,1,0,0,6,1,0,24,1,2,1,1,0,2
339271,2025-01-31 03:35:52.203875,0.742,8,1930.191422,0.741,1,0xcaf00370,0,0,8,6810,6810,1,0,0,6,1,0,24,1,2,1,1,0,2
341887,2025-01-31 03:35:52.283103,79.22800000000001,8,1930.27065,79.228,7,0xcaf00370,0,0,8,6810,6810,2,1,0,27,1,0,6,4,0,1,12,248,1
341918,2025-01-31 03:35:52.283875,0.772,8,1930.271422,0.772,1,0xcaf00370,0,0,8,6810,6810,2,1,0,27,1,0,6,4,0,1,12,248,1
343547,2025-01-31 03:35:52.332961,49.086,8,1930.320508,49.086,7,0xcaf00370,0,0,8,7594,7594,3,0,0,6,1,0,30,1,2,1,1,1,2
343564,2025-01-31 03:35:52.333824,0.8630000000000001,8,1930.321372,0.864,1,0xcaf00370,0,0,8,7594,7594,3,0,0,6,1,0,30,1,2,1,1,1,2
345137,2025-01-31 03:35:52.383264,49.44,8,1930.370811,49.439,7,0xcaf00370,0,0,8,7594,7594,0,1,0,28,1,0,0,4,0,0,3,132,0
345151,2025-01-31 03:35:52.383877,0.6130000000000001,8,1930.371424,0.613,1,0xcaf00370,0,0,8,7594,7594,0,1,0,28,1,0,0,4,0,0,3,132,0
346835,2025-01-31 03:35:52.433053,49.175999999999995,8,1930.4206,49.176,7,0xcaf00370,0,0,8,2034,10225,1,0,0,6,1,0,25,1,2,1,1,1,2
346852,2025-01-31 03:35:52.433833,0.78,8,1930.42138,0.78,1,0xcaf00370,0,0,8,2034,10225,1,0,0,6,1,0,25,1,2,1,1,1,2
348429,2025-01-31 03:35:52.483129,49.296,8,1930.470676,49.296,7,0xcaf00370,0,0,8,2034,10225,2,1,0,29,1,0,5,2,0,1,9,250,1
348448,2025-01-31 03:35:52.483855,0.726,8,1930.471402,0.726,1,0xcaf00370,0,0,8,2034,10225,2,1,0,29,1,0,5,2,0,1,9,250,1
350069,2025-01-31 03:35:52.533037,49.181999999999995,8,1930.520584,49.182,7,0xcaf00370,0,0,8,2331,10522,3,1,0,6,1,0,30,1,2,1,1,251,2
350085,2025-01-31 03:35:52.533833,0.796,8,1930.52138,0.796,1,0xcaf00370,0,0,8,2331,10522,3,1,0,6,1,0,30,1,2,1,1,251,2
352014,2025-01-31 03:35:52.593518,59.685,8,1930.581066,59.686,7,0xcaf00370,0,0,8,2387,10578,0,1,0,6,1,0,30,1,2,1,1,253,2
352030,2025-01-31 03:35:52.594400,0.882,8,1930.581947,0.881,1,0xcaf00370,0,0,8,2387,10578,0,1,0,6,1,0,30,1,2,1,1,253,2
353568,2025-01-31 03:35:52.642668,48.268,8,1930.630215,48.268,7,0xcaf00370,0,0,8,2445,10636,1,0,0,6,1,0,30,1,2,1,1,253,2
353606,2025-01-31 03:35:52.643545,0.877,8,1930.631092,0.877,1,0xcaf00370,0,0,8,2445,10636,1,0,0,6,1,0,30,1,2,1,1,253,2
355559,2025-01-31 03:35:52.702702,59.157000000000004,8,1930.690249,59.157,7,0xcaf00370,0,0,8,2445,10636,2,1,0,30,1,0,0,2,0,0,9,133,0
355587,2025-01-31 03:35:52.703574,0.8720000000000001,8,1930.691122,0.873,1,0xcaf00370,0,0,8,2445,10636,2,1,0,30,1,0,0,2,0,0,9,133,0
357196,2025-01-31 03:35:52.752947,49.373,8,1930.740494,49.372,7,0xcaf00370,0,0,8,2704,10895,3,1,0,6,1,0,30,1,2,1,1,0,2
357215,2025-01-31 03:35:52.753815,0.868,8,1930.741363,0.869,1,0xcaf00370,0,0,8,2704,10895,3,1,0,6,1,0,30,1,2,1,1,0,2
359195,2025-01-31 03:35:52.813044,59.229,8,1930.800591,59.228,7,0xcaf00370,0,0,8,3064,11255,0,1,0,6,1,0,30,1,2,1,1,0,2
359233,2025-01-31 03:35:52.813984,0.94,8,1930.801532,0.941,1,0xcaf00370,0,0,8,3064,11255,0,1,0,6,1,0,30,1,2,1,1,0,2
360750,2025-01-31 03:35:52.862656,48.672,8,1930.850203,48.671,7,0xcaf00370,0,0,8,3222,11413,1,1,0,6,1,0,30,1,2,1,1,0,2
360772,2025-01-31 03:35:52.863527,0.871,8,1930.851074,0.871,1,0xcaf00370,0,0,8,3222,11413,1,1,0,6,1,0,30,1,2,1,1,0,2
363120,2025-01-31 03:35:52.933243,69.716,8,1930.920791,69.717,7,0xcaf00370,0,0,8,4550,12741,2,1,0,6,1,0,30,1,2,1,1,0,2
363134,2025-01-31 03:35:52.934102,0.859,8,1930.921649,0.858,1,0xcaf00370,0,0,8,4550,12741,2,1,0,6,1,0,30,1,2,1,1,0,2
364690,2025-01-31 03:35:52.982804,48.702000000000005,8,1930.970351,48.702,7,0xcaf00370,0,0,8,4672,12863,3,1,0,6,1,0,30,1,2,1,1,1,2
364726,2025-01-31 03:35:52.983787,0.983,8,1930.971334,0.983,1,0xcaf00370,0,0,8,4672,12863,3,1,0,6,1,0,30,1,2,1,1,1,2
366407,2025-01-31 03:35:53.033243,49.456,8,1931.02079,49.456,7,0xcaf00370,0,0,8,4818,13009,0,1,0,6,1,0,30,1,2,1,1,0,2
366421,2025-01-31 03:35:53.034104,0.861,8,1931.021651,0.861,1,0xcaf00370,0,0,8,4818,13009,0,1,0,6,1,0,30,1,2,1,1,0,2
369919,2025-01-31 03:35:53.142676,108.572,8,1931.130223,108.572,7,0xcaf00370,0,0,8,6068,6068,1,1,0,6,1,0,30,1,2,1,1,0,2
369939,2025-01-31 03:35:53.143497,0.821,8,1931.131044,0.821,1,0xcaf00370,0,0,8,6068,6068,1,1,0,6,1,0,30,1,2,1,1,0,2
371691,2025-01-31 03:35:53.194067,50.57,8,1931.181615,50.571,7,0xcaf00370,0,0,8,6810,6810,2,0,0,6,1,0,24,1,2,1,1,0,2
371703,2025-01-31 03:35:53.194793,0.726,8,1931.18234,0.725,1,0xcaf00370,0,0,8,6810,6810,2,0,0,6,1,0,24,1,2,1,1,0,2
373658,2025-01-31 03:35:53.253220,58.427,8,1931.240767,58.427,7,0xcaf00370,0,0,8,6810,6810,3,1,0,27,1,0,6,4,0,1,12,248,1
373672,2025-01-31 03:35:53.254017,0.7969999999999999,8,1931.241564,0.797,1,0xcaf00370,0,0,8,6810,6810,3,1,0,27,1,0,6,4,0,1,12,248,1
375235,2025-01-31 03:35:53.303056,49.039,8,1931.290603,49.039,7,0xcaf00370,0,0,8,7594,7594,0,0,0,6,1,0,30,1,2,1,1,1,2
375248,2025-01-31 03:35:53.303720,0.664,8,1931.291267,0.664,1,0xcaf00370,0,0,8,7594,7594,0,0,0,6,1,0,30,1,2,1,1,1,2
377512,2025-01-31 03:35:53.372954,69.23400000000001,8,1931.360501,69.234,7,0xcaf00370,0,0,8,7594,7594,1,1,0,28,1,0,0,4,0,0,3,132,0
377525,2025-01-31 03:35:53.373805,0.851,8,1931.361352,0.851,1,0xcaf00370,0,0,8,7594,7594,1,1,0,28,1,0,0,4,0,0,3,132,0
379208,2025-01-31 03:35:53.422630,48.825,8,1931.410177,48.825,7,0xcaf00370,0,0,8,2034,10225,2,0,0,6,1,0,25,1,2,1,1,1,2
379241,2025-01-31 03:35:53.423396,0.766,8,1931.410943,0.766,1,0xcaf00370,0,0,8,2034,10225,2,0,0,6,1,0,25,1,2,1,1,1,2
381132,2025-01-31 03:35:53.482672,59.276,8,1931.470219,59.276,7,0xcaf00370,0,0,8,2034,10225,3,1,0,29,1,0,5,2,0,1,9,250,1
381159,2025-01-31 03:35:53.483425,0.753,8,1931.470972,0.753,1,0xcaf00370,0,0,8,2034,10225,3,1,0,29,1,0,5,2,0,1,9,250,1
382811,2025-01-31 03:35:53.532889,49.464,8,1931.520436,49.464,7,0xcaf00370,0,0,8,2331,10522,0,1,0,6,1,0,30,1,2,1,1,251,2
382821,2025-01-31 03:35:53.533633,0.744,8,1931.52118,0.744,1,0xcaf00370,0,0,8,2331,10522,0,1,0,6,1,0,30,1,2,1,1,251,2
384784,2025-01-31 03:35:53.593357,59.724,8,1931.580904,59.724,7,0xcaf00370,0,0,8,2387,10578,1,1,0,6,1,0,30,1,2,1,1,253,2
384798,2025-01-31 03:35:53.594090,0.733,8,1931.581637,0.733,1,0xcaf00370,0,0,8,2387,10578,1,1,0,6,1,0,30,1,2,1,1,253,2
386353,2025-01-31 03:35:53.642602,48.512,8,1931.63015,48.513,7,0xcaf00370,0,0,8,2445,10636,2,0,0,6,1,0,30,1,2,1,1,253,2
386366,2025-01-31 03:35:53.643325,0.723,8,1931.630872,0.722,1,0xcaf00370,0,0,8,2445,10636,2,0,0,6,1,0,30,1,2,1,1,253,2
388701,2025-01-31 03:35:53.713504,70.179,8,1931.701051,70.179,7,0xcaf00370,0,0,8,2445,10636,3,1,0,30,1,0,0,2,0,0,9,133,0
388729,2025-01-31 03:35:53.714298,0.794,8,1931.701845,0.794,1,0xcaf00370,0,0,8,2445,10636,3,1,0,30,1,0,0,2,0,0,9,133,0
390253,2025-01-31 03:35:53.763021,48.723,8,1931.750568,48.723,7,0xcaf00370,0,0,8,2704,10895,0,1,0,6,1,0,30,1,2,1,1,0,2
390273,2025-01-31 03:35:53.763938,0.9169999999999999,8,1931.751486,0.918,1,0xcaf00370,0,0,8,2704,10895,0,1,0,6,1,0,30,1,2,1,1,0,2
392305,2025-01-31 03:35:53.822906,58.967999999999996,8,1931.810453,58.967,7,0xcaf00370,0,0,8,3064,11255,1,1,0,6,1,0,30,1,2,1,1,0,2
392329,2025-01-31 03:35:53.823649,0.743,8,1931.811197,0.744,1,0xcaf00370,0,0,8,3064,11255,1,1,0,6,1,0,30,1,2,1,1,0,2
393893,2025-01-31 03:35:53.873052,49.403000000000006,8,1931.860599,49.402,7,0xcaf00370,0,0,8,3222,11413,2,1,0,6,1,0,30,1,2,1,1,0,2
393909,2025-01-31 03:35:53.873441,0.389,8,1931.860988,0.389,1,0xcaf00370,0,0,8,3222,11413,2,1,0,6,1,0,30,1,2,1,1,0,2
395578,2025-01-31 03:35:53.922920,49.479,8,1931.910468,49.48,7,0xcaf00370,0,0,8,4550,12741,3,1,0,6,1,0,30,1,2,1,1,0,2
395604,2025-01-31 03:35:53.923629,0.709,8,1931.911176,0.708,1,0xcaf00370,0,0,8,4550,12741,3,1,0,6,1,0,30,1,2,1,1,0,2
397166,2025-01-31 03:35:53.973086,49.457,8,1931.960633,49.457,7,0xcaf00370,0,0,8,4672,12863,0,1,0,6,1,0,30,1,2,1,1,1,2
397176,2025-01-31 03:35:53.973717,0.631,8,1931.961264,0.631,1,0xcaf00370,0,0,8,4672,12863,0,1,0,6,1,0,30,1,2,1,1,1,2
399160,2025-01-31 03:35:54.032689,58.971999999999994,8,1932.020236,58.972,7,0xcaf00370,0,0,8,4818,13009,1,1,0,6,1,0,30,1,2,1,1,0,2
399176,2025-01-31 03:35:54.033304,0.615,8,1932.020852,0.616,1,0xcaf00370,0,0,8,4818,13009,1,1,0,6,1,0,30,1,2,1,1,0,2
402739,2025-01-31 03:35:54.142670,109.366,8,1932.130217,109.365,7,0xcaf00370,0,0,8,6068,6068,2,1,0,6,1,0,30,1,2,1,1,0,2
402756,2025-01-31 03:35:54.143248,0.578,8,1932.130795,0.578,1,0xcaf00370,0,0,8,6068,6068,2,1,0,6,1,0,30,1,2,1,1,0,2
404655,2025-01-31 03:35:54.198226,54.978,8,1932.185774,54.979,7,0xcaf00370,0,0,8,6810,6810,3,0,0,6,1,0,24,1,2,1,1,0,2
404662,2025-01-31 03:35:54.198788,0.562,8,1932.186335,0.561,1,0xcaf00370,0,0,8,6810,6810,3,0,0,6,1,0,24,1,2,1,1,0,2
406536,2025-01-31 03:35:54.252826,54.038000000000004,8,1932.240373,54.038,7,0xcaf00370,0,0,8,6810,6810,0,1,0,27,1,0,6,4,0,1,12,248,1
406543,2025-01-31 03:35:54.253369,0.5429999999999999,8,1932.240916,0.543,1,0xcaf00370,0,0,8,6810,6810,0,1,0,27,1,0,6,4,0,1,12,248,1
408145,2025-01-31 03:35:54.302654,49.285000000000004,8,1932.290201,49.285,7,0xcaf00370,0,0,8,7594,7594,1,0,0,6,1,0,30,1,2,1,1,1,2
408163,2025-01-31 03:35:54.303182,0.528,8,1932.290729,0.528,1,0xcaf00370,0,0,8,7594,7594,1,0,0,6,1,0,30,1,2,1,1,1,2
409788,2025-01-31 03:35:54.353226,50.044,8,1932.340773,50.044,7,0xcaf00370,0,0,8,7594,7594,2,1,0,28,1,0,0,4,0,0,3,132,0
409795,2025-01-31 03:35:54.353738,0.512,8,1932.341285,0.512,1,0xcaf00370,0,0,8,7594,7594,2,1,0,28,1,0,0,4,0,0,3,132,0
411481,2025-01-31 03:35:54.403034,49.296,8,1932.390582,49.297,7,0xcaf00370,0,0,8,2034,10225,3,0,0,6,1,0,25,1,2,1,1,1,2
411492,2025-01-31 03:35:54.403511,0.477,8,1932.391058,0.476,1,0xcaf00370,0,0,8,2034,10225,3,0,0,6,1,0,25,1,2,1,1,1,2
413386,2025-01-31 03:35:54.462972,59.461,8,1932.450519,59.461,7,0xcaf00370,0,0,8,2034,10225,0,1,0,29,1,0,5,2,0,1,9,250,1
413394,2025-01-31 03:35:54.463675,0.703,8,1932.451223,0.704,1,0xcaf00370,0,0,8,2034,10225,0,1,0,29,1,0,5,2,0,1,9,250,1
415078,2025-01-31 03:35:54.513083,49.408,8,1932.500631,49.408,7,0xcaf00370,0,0,8,2331,10522,1,1,0,6,1,0,30,1,2,1,1,251,2
415091,2025-01-31 03:35:54.513420,0.337,8,1932.500967,0.336,1,0xcaf00370,0,0,8,2331,10522,1,1,0,6,1,0,30,1,2,1,1,251,2
417025,2025-01-31 03:35:54.573137,59.717,8,1932.560684,59.717,7,0xcaf00370,0,0,8,2387,10578,2,1,0,6,1,0,30,1,2,1,1,253,2
417031,2025-01-31 03:35:54.573491,0.354,8,1932.561038,0.354,1,0xcaf00370,0,0,8,2387,10578,2,1,0,6,1,0,30,1,2,1,1,253,2
418665,2025-01-31 03:35:54.622703,49.211999999999996,8,1932.61025,49.212,7,0xcaf00370,0,0,8,2445,10636,3,0,0,6,1,0,30,1,2,1,1,253,2
418685,2025-01-31 03:35:54.623131,0.428,8,1932.610678,0.428,1,0xcaf00370,0,0,8,2445,10636,3,0,0,6,1,0,30,1,2,1,1,253,2
420616,2025-01-31 03:35:54.682724,59.593,8,1932.670271,59.593,7,0xcaf00370,0,0,8,2445,10636,0,1,0,30,1,0,0,2,0,0,9,133,0
420633,2025-01-31 03:35:54.683134,0.41,8,1932.670681,0.41,1,0xcaf00370,0,0,8,2445,10636,0,1,0,30,1,0,0,2,0,0,9,133,0
422314,2025-01-31 03:35:54.733024,49.88999999999999,8,1932.720571,49.89,7,0xcaf00370,0,0,8,2704,10895,1,1,0,6,1,0,30,1,2,1,1,0,2
422319,2025-01-31 03:35:54.733440,0.416,8,1932.720987,0.416,1,0xcaf00370,0,0,8,2704,10895,1,1,0,6,1,0,30,1,2,1,1,0,2
424311,2025-01-31 03:35:54.793727,60.287,8,1932.781275,60.288,7,0xcaf00370,0,0,8,3064,11255,2,1,0,6,1,0,30,1,2,1,1,0,2
424323,2025-01-31 03:35:54.794101,0.374,8,1932.781649,0.374,1,0xcaf00370,0,0,8,3064,11255,2,1,0,6,1,0,30,1,2,1,1,0,2
425870,2025-01-31 03:35:54.843318,49.217,8,1932.830865,49.216,7,0xcaf00370,0,0,8,3222,11413,3,1,0,6,1,0,30,1,2,1,1,0,2
425877,2025-01-31 03:35:54.843640,0.322,8,1932.831187,0.322,1,0xcaf00370,0,0,8,3222,11413,3,1,0,6,1,0,30,1,2,1,1,0,2
427859,2025-01-31 03:35:54.903047,59.407000000000004,8,1932.890595,59.408,7,0xcaf00370,0,0,8,4550,12741,0,1,0,6,1,0,30,1,2,1,1,0,2
427874,2025-01-31 03:35:54.903469,0.422,8,1932.891016,0.421,1,0xcaf00370,0,0,8,4550,12741,0,1,0,6,1,0,30,1,2,1,1,0,2
429470,2025-01-31 03:35:54.953026,49.556999999999995,8,1932.940573,49.557,7,0xcaf00370,0,0,8,4672,12863,1,1,0,6,1,0,30,1,2,1,1,1,2
429477,2025-01-31 03:35:54.953320,0.294,8,1932.940867,0.294,1,0xcaf00370,0,0,8,4672,12863,1,1,0,6,1,0,30,1,2,1,1,1,2
431090,2025-01-31 03:35:55.003024,49.704,8,1932.990572,49.705,7,0xcaf00370,0,0,8,4818,13009,2,1,0,6,1,0,30,1,2,1,1,0,2
431103,2025-01-31 03:35:55.003341,0.317,8,1932.990888,0.316,1,0xcaf00370,0,0,8,4818,13009,2,1,0,6,1,0,30,1,2,1,1,0,2
434996,2025-01-31 03:35:55.123171,119.83000000000001,8,1933.110718,119.83,7,0xcaf00370,0,0,8,6068,6068,3,1,0,6,1,0,30,1,2,1,1,0,2
435011,2025-01-31 03:35:55.123512,0.34099999999999997,8,1933.111059,0.341,1,0xcaf00370,0,0,8,6068,6068,3,1,0,6,1,0,30,1,2,1,1,0,2
436617,2025-01-31 03:35:55.172934,49.422000000000004,8,1933.160481,49.422,7,0xcaf00370,0,0,8,6810,6810,0,0,0,6,1,0,24,1,2,1,1,0,2
436638,2025-01-31 03:35:55.173643,0.709,8,1933.161191,0.71,1,0xcaf00370,0,0,8,6810,6810,0,0,0,6,1,0,24,1,2,1,1,0,2
439292,2025-01-31 03:35:55.253023,79.38000000000001,8,1933.24057,79.379,7,0xcaf00370,0,0,8,6810,6810,1,1,0,27,1,0,6,4,0,1,12,248,1
439305,2025-01-31 03:35:55.253362,0.339,8,1933.24091,0.34,1,0xcaf00370,0,0,8,6810,6810,1,1,0,27,1,0,6,4,0,1,12,248,1
440885,2025-01-31 03:35:55.303022,49.660000000000004,8,1933.290569,49.659,7,0xcaf00370,0,0,8,7594,7594,2,0,0,6,1,0,30,1,2,1,1,1,2
440903,2025-01-31 03:35:55.303602,0.58,8,1933.291149,0.58,1,0xcaf00370,0,0,8,7594,7594,2,0,0,6,1,0,30,1,2,1,1,1,2
442517,2025-01-31 03:35:55.353185,49.583000000000006,8,1933.340732,49.583,7,0xcaf00370,0,0,8,7594,7594,3,1,0,28,1,0,0,4,0,0,3,132,0
442523,2025-01-31 03:35:55.353307,0.122,8,1933.340854,0.122,1,0xcaf00370,0,0,8,7594,7594,3,1,0,28,1,0,0,4,0,0,3,132,0
444179,2025-01-31 03:35:55.403194,49.887,8,1933.390741,49.887,7,0xcaf00370,0,0,8,2034,10225,0,0,0,6,1,0,25,1,2,1,1,1,2
444191,2025-01-31 03:35:55.403499,0.305,8,1933.391046,0.305,1,0xcaf00370,0,0,8,2034,10225,0,0,0,6,1,0,25,1,2,1,1,1,2
446056,2025-01-31 03:35:55.463028,59.528999999999996,8,1933.450575,59.529,7,0xcaf00370,0,0,8,2034,10225,1,1,0,29,1,0,5,2,0,1,9,250,1
446088,2025-01-31 03:35:55.463973,0.945,8,1933.451521,0.946,1,0xcaf00370,0,0,8,2034,10225,1,1,0,29,1,0,5,2,0,1,9,250,1
447762,2025-01-31 03:35:55.513159,49.186,8,1933.500706,49.185,1,0xcaf00370,0,0,8,2331,10522,2,1,0,6,1,0,30,1,2,1,1,251,2
447769,2025-01-31 03:35:55.513352,0.193,8,1933.500899,0.193,7,0xcaf00370,0,0,8,2331,10522,2,1,0,6,1,0,30,1,2,1,1,251,2
449681,2025-01-31 03:35:55.573073,59.721000000000004,8,1933.56062,59.721,1,0xcaf00370,0,0,8,2387,10578,3,1,0,6,1,0,30,1,2,1,1,253,2
449683,2025-01-31 03:35:55.573168,0.095,8,1933.560715,0.095,7,0xcaf00370,0,0,8,2387,10578,3,1,0,6,1,0,30,1,2,1,1,253,2
451300,2025-01-31 03:35:55.622754,49.586,8,1933.610301,49.586,7,0xcaf00370,0,0,8,2445,10636,0,0,0,6,1,0,30,1,2,1,1,253,2
451306,2025-01-31 03:35:55.622873,0.11900000000000001,8,1933.61042,0.119,1,0xcaf00370,0,0,8,2445,10636,0,0,0,6,1,0,30,1,2,1,1,253,2
453251,2025-01-31 03:35:55.682781,59.908,8,1933.670328,59.908,7,0xcaf00370,0,0,8,2445,10636,1,1,0,30,1,0,0,2,0,0,9,133,0
453258,2025-01-31 03:35:55.682911,0.12999999999999998,8,1933.670458,0.13,1,0xcaf00370,0,0,8,2445,10636,1,1,0,30,1,0,0,2,0,0,9,133,0
454923,2025-01-31 03:35:55.733174,50.263000000000005,8,1933.720721,50.263,1,0xcaf00370,0,0,8,2704,10895,2,1,0,6,1,0,30,1,2,1,1,0,2
454929,2025-01-31 03:35:55.733381,0.207,8,1933.720928,0.207,7,0xcaf00370,0,0,8,2704,10895,2,1,0,6,1,0,30,1,2,1,1,0,2
456937,2025-01-31 03:35:55.793862,60.481,8,1933.781409,60.481,1,0xcaf00370,0,0,8,3064,11255,3,1,0,6,1,0,30,1,2,1,1,0,2
456945,2025-01-31 03:35:55.794085,0.223,8,1933.781632,0.223,7,0xcaf00370,0,0,8,3064,11255,3,1,0,6,1,0,30,1,2,1,1,0,2
458474,2025-01-31 03:35:55.842746,48.661,8,1933.830293,48.661,7,0xcaf00370,0,0,8,3222,11413,0,1,0,6,1,0,30,1,2,1,1,0,2
458482,2025-01-31 03:35:55.842822,0.076,8,1933.830369,0.076,1,0xcaf00370,0,0,8,3222,11413,0,1,0,6,1,0,30,1,2,1,1,0,2
460501,2025-01-31 03:35:55.902811,59.989,8,1933.890358,59.989,7,0xcaf00370,0,0,8,4550,12741,1,1,0,6,1,0,30,1,2,1,1,0,2
460511,2025-01-31 03:35:55.902975,0.164,8,1933.890522,0.164,1,0xcaf00370,0,0,8,4550,12741,1,1,0,6,1,0,30,1,2,1,1,0,2
462110,2025-01-31 03:35:55.953042,50.067,8,1933.940589,50.067,7,0xcaf00370,0,0,8,4672,12863,2,1,0,6,1,0,30,1,2,1,1,1,2
462112,2025-01-31 03:35:55.953072,0.030000000000000002,8,1933.940619,0.03,1,0xcaf00370,0,0,8,4672,12863,2,1,0,6,1,0,30,1,2,1,1,1,2
464146,2025-01-31 03:35:56.013361,60.289,8,1934.000908,60.289,7,0xcaf00370,0,0,8,4818,13009,3,1,0,6,1,0,30,1,2,1,1,0,2
464153,2025-01-31 03:35:56.013492,0.131,8,1934.001039,0.131,1,0xcaf00370,0,0,8,4818,13009,3,1,0,6,1,0,30,1,2,1,1,0,2
468017,2025-01-31 03:35:56.132977,119.485,8,1934.120524,119.485,1,0xcaf00370,0,0,8,6068,6068,0,1,0,6,1,0,30,1,2,1,1,0,2
468019,2025-01-31 03:35:56.133024,0.047,8,1934.120571,0.047,7,0xcaf00370,0,0,8,6068,6068,0,1,0,6,1,0,30,1,2,1,1,0,2
469622,2025-01-31 03:35:56.182828,49.804,8,1934.170375,49.804,7,0xcaf00370,0,0,8,6810,6810,1,0,0,6,1,0,24,1,2,1,1,0,2
469624,2025-01-31 03:35:56.182899,0.07100000000000001,8,1934.170446,0.071,1,0xcaf00370,0,0,8,6810,6810,1,0,0,6,1,0,24,1,2,1,1,0,2
471359,2025-01-31 03:35:56.233196,50.297000000000004,8,1934.220743,50.297,1,0xcaf00370,0,0,8,6810,6810,2,1,0,27,1,0,6,4,0,1,12,248,1
471361,2025-01-31 03:35:56.233288,0.092,8,1934.220835,0.092,7,0xcaf00370,0,0,8,6810,6810,2,1,0,27,1,0,6,4,0,1,12,248,1
472921,2025-01-31 03:35:56.282701,49.413,8,1934.270249,49.414,1,0xcaf00370,0,0,8,7594,7594,3,0,0,6,1,0,30,1,2,1,1,1,2
472927,2025-01-31 03:35:56.282816,0.115,8,1934.270363,0.114,7,0xcaf00370,0,0,8,7594,7594,3,0,0,6,1,0,30,1,2,1,1,1,2
475221,2025-01-31 03:35:56.353360,70.544,8,1934.340907,70.544,1,0xcaf00370,0,0,8,7594,7594,0,1,0,28,1,0,0,4,0,0,3,132,0
475224,2025-01-31 03:35:56.353505,0.145,8,1934.341052,0.145,7,0xcaf00370,0,0,8,7594,7594,0,1,0,28,1,0,0,4,0,0,3,132,0
476878,2025-01-31 03:35:56.402830,49.325,8,1934.390377,49.325,1,0xcaf00370,0,0,8,2034,10225,1,0,0,6,1,0,25,1,2,1,1,1,2
476880,2025-01-31 03:35:56.402855,0.025,8,1934.390402,0.025,7,0xcaf00370,0,0,8,2034,10225,1,0,0,6,1,0,25,1,2,1,1,1,2
478779,2025-01-31 03:35:56.462802,59.947,8,1934.450349,59.947,1,0xcaf00370,0,0,8,2034,10225,2,1,0,29,1,0,5,2,0,1,9,250,1
478784,2025-01-31 03:35:56.462881,0.079,8,1934.450428,0.079,7,0xcaf00370,0,0,8,2034,10225,2,1,0,29,1,0,5,2,0,1,9,250,1
480491,2025-01-31 03:35:56.513038,50.157000000000004,8,1934.500586,50.158,1,0xcaf00370,0,0,8,2331,10522,3,1,0,6,1,0,30,1,2,1,1,251,2
480499,2025-01-31 03:35:56.513299,0.261,8,1934.500846,0.26,7,0xcaf00370,0,0,8,2331,10522,3,1,0,6,1,0,30,1,2,1,1,251,2
482726,2025-01-31 03:35:56.582925,69.62599999999999,8,1934.570473,69.627,1,0xcaf00370,0,0,8,2387,10578,0,1,0,6,1,0,30,1,2,1,1,253,2
482734,2025-01-31 03:35:56.583249,0.324,8,1934.570796,0.323,7,0xcaf00370,0,0,8,2387,10578,0,1,0,6,1,0,30,1,2,1,1,253,2
484345,2025-01-31 03:35:56.632875,49.626000000000005,8,1934.620422,49.626,1,0xcaf00370,0,0,8,2445,10636,1,0,0,6,1,0,30,1,2,1,1,253,2
484350,2025-01-31 03:35:56.633142,0.26699999999999996,8,1934.620689,0.267,7,0xcaf00370,0,0,8,2445,10636,1,0,0,6,1,0,30,1,2,1,1,253,2
486001,2025-01-31 03:35:56.683050,49.908,8,1934.670597,49.908,1,0xcaf00370,0,0,8,2445,10636,2,1,0,30,1,0,0,2,0,0,9,133,0
486010,2025-01-31 03:35:56.683356,0.306,8,1934.670903,0.306,7,0xcaf00370,0,0,8,2445,10636,2,1,0,30,1,0,0,2,0,0,9,133,0
487674,2025-01-31 03:35:56.732877,49.521,8,1934.720424,49.521,1,0xcaf00370,0,0,8,2704,10895,3,1,0,6,1,0,30,1,2,1,1,0,2
487679,2025-01-31 03:35:56.733186,0.309,8,1934.720733,0.309,7,0xcaf00370,0,0,8,2704,10895,3,1,0,6,1,0,30,1,2,1,1,0,2
489977,2025-01-31 03:35:56.803239,70.053,8,1934.790786,70.053,1,0xcaf00370,0,0,8,3064,11255,0,1,0,6,1,0,30,1,2,1,1,0,2
489981,2025-01-31 03:35:56.803575,0.33599999999999997,8,1934.791122,0.336,7,0xcaf00370,0,0,8,3064,11255,0,1,0,6,1,0,30,1,2,1,1,0,2
491597,2025-01-31 03:35:56.852806,49.230999999999995,8,1934.840353,49.231,1,0xcaf00370,0,0,8,3222,11413,1,1,0,6,1,0,30,1,2,1,1,0,2
491603,2025-01-31 03:35:56.853161,0.355,8,1934.840708,0.355,7,0xcaf00370,0,0,8,3222,11413,1,1,0,6,1,0,30,1,2,1,1,0,2
493584,2025-01-31 03:35:56.912900,59.739,8,1934.900447,59.739,1,0xcaf00370,0,0,8,4550,12741,2,1,0,6,1,0,30,1,2,1,1,0,2
493597,2025-01-31 03:35:56.913293,0.393,8,1934.90084,0.393,7,0xcaf00370,0,0,8,4550,12741,2,1,0,6,1,0,30,1,2,1,1,0,2
495087,2025-01-31 03:35:56.962652,49.359,8,1934.950199,49.359,1,0xcaf00370,0,0,8,4672,12863,3,1,0,6,1,0,30,1,2,1,1,1,2
495103,2025-01-31 03:35:56.962910,0.258,8,1934.950457,0.258,7,0xcaf00370,0,0,8,4672,12863,3,1,0,6,1,0,30,1,2,1,1,1,2
497160,2025-01-31 03:35:57.022879,59.969,8,1935.010426,59.969,1,0xcaf00370,0,0,8,4818,13009,0,1,0,6,1,0,30,1,2,1,1,0,2
497174,2025-01-31 03:35:57.023159,0.27999999999999997,8,1935.010706,0.28,7,0xcaf00370,0,0,8,4818,13009,0,1,0,6,1,0,30,1,2,1,1,0,2
500394,2025-01-31 03:35:57.122533,99.37400000000001,8,1935.11008,99.374,1,0xcaf00370,0,0,8,6068,6068,1,1,0,6,1,0,30,1,2,1,1,0,2
500417,2025-01-31 03:35:57.122955,0.422,8,1935.110502,0.422,7,0xcaf00370,0,0,8,6068,6068,1,1,0,6,1,0,30,1,2,1,1,0,2
502039,2025-01-31 03:35:57.172670,49.715,8,1935.160217,49.715,1,0xcaf00370,0,0,8,6810,6810,2,0,0,6,1,0,24,1,2,1,1,0,2
502049,2025-01-31 03:35:57.173146,0.47600000000000003,8,1935.160694,0.477,7,0xcaf00370,0,0,8,6810,6810,2,0,0,6,1,0,24,1,2,1,1,0,2
504231,2025-01-31 03:35:57.232618,59.471999999999994,8,1935.220165,59.471,1,0xcaf00370,0,0,8,6810,6810,3,1,0,27,1,0,6,4,0,1,12,248,1
504244,2025-01-31 03:35:57.233115,0.49700000000000005,8,1935.220663,0.498,7,0xcaf00370,0,0,8,6810,6810,3,1,0,27,1,0,6,4,0,1,12,248,1
505827,2025-01-31 03:35:57.282712,49.597,8,1935.270259,49.596,1,0xcaf00370,0,0,8,7594,7594,0,0,0,6,1,0,30,1,2,1,1,1,2
505846,2025-01-31 03:35:57.283245,0.533,8,1935.270792,0.533,7,0xcaf00370,0,0,8,7594,7594,0,0,0,6,1,0,30,1,2,1,1,1,2
507749,2025-01-31 03:35:57.342941,59.696,8,1935.330488,59.696,1,0xcaf00370,0,0,8,7594,7594,1,1,0,28,1,0,0,4,0,0,3,132,0
507758,2025-01-31 03:35:57.343483,0.5419999999999999,8,1935.33103,0.542,7,0xcaf00370,0,0,8,7594,7594,1,1,0,28,1,0,0,4,0,0,3,132,0
509470,2025-01-31 03:35:57.393369,49.886,8,1935.380916,49.886,1,0xcaf00370,0,0,8,2034,10225,2,0,0,6,1,0,25,1,2,1,1,1,2
509478,2025-01-31 03:35:57.393929,0.5599999999999999,8,1935.381476,0.56,7,0xcaf00370,0,0,8,2034,10225,2,0,0,6,1,0,25,1,2,1,1,1,2
511710,2025-01-31 03:35:57.462952,69.023,8,1935.450499,69.023,1,0xcaf00370,0,0,8,2034,10225,3,1,0,29,1,0,5,2,0,1,9,250,1
511721,2025-01-31 03:35:57.463296,0.34400000000000003,8,1935.450843,0.344,7,0xcaf00370,0,0,8,2034,10225,3,1,0,29,1,0,5,2,0,1,9,250,1
513487,2025-01-31 03:35:57.512998,49.702000000000005,8,1935.500545,49.702,1,0xcaf00370,0,0,8,2331,10522,0,1,0,6,1,0,30,1,2,1,1,251,2
513503,2025-01-31 03:35:57.513604,0.606,8,1935.501151,0.606,7,0xcaf00370,0,0,8,2331,10522,0,1,0,6,1,0,30,1,2,1,1,251,2
515027,2025-01-31 03:35:57.562919,49.315,8,1935.550466,49.315,1,0xcaf00370,0,0,8,2387,10578,1,1,0,6,1,0,30,1,2,1,1,253,2
515038,2025-01-31 03:35:57.563278,0.359,8,1935.550825,0.359,7,0xcaf00370,0,0,8,2387,10578,1,1,0,6,1,0,30,1,2,1,1,253,2
516737,2025-01-31 03:35:57.612795,49.516999999999996,8,1935.600342,49.517,1,0xcaf00370,0,0,8,2445,10636,2,0,0,6,1,0,30,1,2,1,1,253,2
516752,2025-01-31 03:35:57.613440,0.6449999999999999,8,1935.600987,0.645,7,0xcaf00370,0,0,8,2445,10636,2,0,0,6,1,0,30,1,2,1,1,253,2
518685,2025-01-31 03:35:57.673583,60.143,8,1935.66113,60.143,1,0xcaf00370,0,0,8,2445,10636,3,1,0,30,1,0,0,2,0,0,9,133,0
518694,2025-01-31 03:35:57.674250,0.6669999999999999,8,1935.661797,0.667,7,0xcaf00370,0,0,8,2445,10636,3,1,0,30,1,0,0,2,0,0,9,133,0
520345,2025-01-31 03:35:57.722743,48.493,8,1935.71029,48.493,1,0xcaf00370,0,0,8,2704,10895,0,1,0,6,1,0,30,1,2,1,1,0,2
520371,2025-01-31 03:35:57.723442,0.699,8,1935.710989,0.699,7,0xcaf00370,0,0,8,2704,10895,0,1,0,6,1,0,30,1,2,1,1,0,2
522309,2025-01-31 03:35:57.784293,60.851,8,1935.77184,60.851,1,0xcaf00370,0,0,8,3064,11255,1,1,0,6,1,0,30,1,2,1,1,0,2
522338,2025-01-31 03:35:57.785197,0.9039999999999999,8,1935.772744,0.904,7,0xcaf00370,0,0,8,3064,11255,1,1,0,6,1,0,30,1,2,1,1,0,2
523926,2025-01-31 03:35:57.832560,47.363,8,1935.820107,47.363,1,0xcaf00370,0,0,8,3222,11413,2,1,0,6,1,0,30,1,2,1,1,0,2
523941,2025-01-31 03:35:57.833282,0.722,8,1935.820829,0.722,7,0xcaf00370,0,0,8,3222,11413,2,1,0,6,1,0,30,1,2,1,1,0,2
525899,2025-01-31 03:35:57.893302,60.019999999999996,8,1935.880849,60.02,1,0xcaf00370,0,0,8,4550,12741,3,1,0,6,1,0,30,1,2,1,1,0,2
525911,2025-01-31 03:35:57.894238,0.9359999999999999,8,1935.881785,0.936,7,0xcaf00370,0,0,8,4550,12741,3,1,0,6,1,0,30,1,2,1,1,0,2
527466,2025-01-31 03:35:57.942664,48.425999999999995,8,1935.930211,48.426,1,0xcaf00370,0,0,8,4672,12863,0,1,0,6,1,0,30,1,2,1,1,1,2
527488,2025-01-31 03:35:57.943399,0.735,8,1935.930946,0.735,7,0xcaf00370,0,0,8,4672,12863,0,1,0,6,1,0,30,1,2,1,1,1,2
529460,2025-01-31 03:35:58.002462,59.062999999999995,8,1935.990009,59.063,1,0xcaf00370,0,0,8,4818,13009,1,1,0,6,1,0,30,1,2,1,1,0,2
529492,2025-01-31 03:35:58.003234,0.772,8,1935.990781,0.772,7,0xcaf00370,0,0,8,4818,13009,1,1,0,6,1,0,30,1,2,1,1,0,2
533382,2025-01-31 03:35:58.122420,119.186,8,1936.109967,119.186,1,0xcaf00370,0,0,8,6068,6068,2,1,0,6,1,0,30,1,2,1,1,0,2
533414,2025-01-31 03:35:58.123156,0.736,8,1936.110703,0.736,7,0xcaf00370,0,0,8,6068,6068,2,1,0,6,1,0,30,1,2,1,1,0,2
535034,2025-01-31 03:35:58.172524,49.368,8,1936.160071,49.368,1,0xcaf00370,0,0,8,6810,6810,3,0,0,6,1,0,24,1,2,1,1,0,2
535046,2025-01-31 03:35:58.173259,0.735,8,1936.160806,0.735,7,0xcaf00370,0,0,8,6810,6810,3,0,0,6,1,0,24,1,2,1,1,0,2
536805,2025-01-31 03:35:58.222721,49.461999999999996,8,1936.210268,49.462,1,0xcaf00370,0,0,8,6810,6810,0,1,0,27,1,0,6,4,0,1,12,248,1
536831,2025-01-31 03:35:58.223407,0.6859999999999999,8,1936.210954,0.686,7,0xcaf00370,0,0,8,6810,6810,0,1,0,27,1,0,6,4,0,1,12,248,1
538353,2025-01-31 03:35:58.272516,49.109,8,1936.260063,49.109,1,0xcaf00370,0,0,8,7594,7594,1,0,0,6,1,0,30,1,2,1,1,1,2
538370,2025-01-31 03:35:58.273250,0.734,8,1936.260797,0.734,7,0xcaf00370,0,0,8,7594,7594,1,0,0,6,1,0,30,1,2,1,1,1,2
540616,2025-01-31 03:35:58.342683,69.43299999999999,8,1936.33023,69.433,1,0xcaf00370,0,0,8,7594,7594,2,1,0,28,1,0,0,4,0,0,3,132,0
540635,2025-01-31 03:35:58.343418,0.735,8,1936.330965,0.735,7,0xcaf00370,0,0,8,7594,7594,2,1,0,28,1,0,0,4,0,0,3,132,0
542365,2025-01-31 03:35:58.392975,49.556999999999995,8,1936.380522,49.557,1,0xcaf00370,0,0,8,2034,10225,3,0,0,6,1,0,25,1,2,1,1,1,2
542378,2025-01-31 03:35:58.393710,0.735,8,1936.381258,0.736,7,0xcaf00370,0,0,8,2034,10225,3,0,0,6,1,0,25,1,2,1,1,1,2
544290,2025-01-31 03:35:58.452321,58.611000000000004,8,1936.439868,58.61,1,0xcaf00370,0,0,8,2034,10225,0,1,0,29,1,0,5,2,0,1,9,250,1
544315,2025-01-31 03:35:58.453056,0.735,8,1936.440603,0.735,7,0xcaf00370,0,0,8,2034,10225,0,1,0,29,1,0,5,2,0,1,9,250,1
545903,2025-01-31 03:35:58.501972,48.916000000000004,8,1936.489519,48.916,1,0xcaf00370,0,0,8,2331,10522,1,1,0,6,1,0,30,1,2,1,1,251,2
545924,2025-01-31 03:35:58.502708,0.736,8,1936.490255,0.736,7,0xcaf00370,0,0,8,2331,10522,1,1,0,6,1,0,30,1,2,1,1,251,2
548523,2025-01-31 03:35:58.583358,80.65,8,1936.570905,80.65,1,0xcaf00370,0,0,8,2387,10578,2,1,0,6,1,0,30,1,2,1,1,253,2
548537,2025-01-31 03:35:58.584094,0.736,8,1936.571641,0.736,7,0xcaf00370,0,0,8,2387,10578,2,1,0,6,1,0,30,1,2,1,1,253,2
550147,2025-01-31 03:35:58.632286,48.192,8,1936.619833,48.192,1,0xcaf00370,0,0,8,2445,10636,3,0,0,6,1,0,30,1,2,1,1,253,2
550170,2025-01-31 03:35:58.633034,0.748,8,1936.620581,0.748,7,0xcaf00370,0,0,8,2445,10636,3,0,0,6,1,0,30,1,2,1,1,253,2
551804,2025-01-31 03:35:58.683173,50.139,8,1936.67072,50.139,1,0xcaf00370,0,0,8,2445,10636,0,1,0,30,1,0,0,2,0,0,9,133,0
551815,2025-01-31 03:35:58.683908,0.735,8,1936.671455,0.735,7,0xcaf00370,0,0,8,2445,10636,0,1,0,30,1,0,0,2,0,0,9,133,0
553465,2025-01-31 03:35:58.732569,48.661,8,1936.720116,48.661,1,0xcaf00370,0,0,8,2704,10895,1,1,0,6,1,0,30,1,2,1,1,0,2
553477,2025-01-31 03:35:58.733302,0.733,8,1936.720849,0.733,7,0xcaf00370,0,0,8,2704,10895,1,1,0,6,1,0,30,1,2,1,1,0,2
555111,2025-01-31 03:35:58.784682,51.38,8,1936.772229,51.38,1,0xcaf00370,0,0,8,3064,11255,2,1,0,6,1,0,30,1,2,1,1,0,2
555128,2025-01-31 03:35:58.785191,0.509,8,1936.772738,0.509,7,0xcaf00370,0,0,8,3064,11255,2,1,0,6,1,0,30,1,2,1,1,0,2
556755,2025-01-31 03:35:58.832570,47.379,8,1936.820117,47.379,1,0xcaf00370,0,0,8,3222,11413,3,1,0,6,1,0,30,1,2,1,1,0,2
556776,2025-01-31 03:35:58.833306,0.736,8,1936.820853,0.736,7,0xcaf00370,0,0,8,3222,11413,3,1,0,6,1,0,30,1,2,1,1,0,2
558725,2025-01-31 03:35:58.893163,59.857,8,1936.88071,59.857,1,0xcaf00370,0,0,8,4550,12741,0,1,0,6,1,0,30,1,2,1,1,0,2
558732,2025-01-31 03:35:58.893895,0.732,8,1936.881442,0.732,7,0xcaf00370,0,0,8,4550,12741,0,1,0,6,1,0,30,1,2,1,1,0,2
560261,2025-01-31 03:35:58.942341,48.446000000000005,8,1936.929888,48.446,1,0xcaf00370,0,0,8,4672,12863,1,1,0,6,1,0,30,1,2,1,1,1,2
560286,2025-01-31 03:35:58.943025,0.684,8,1936.930572,0.684,7,0xcaf00370,0,0,8,4672,12863,1,1,0,6,1,0,30,1,2,1,1,1,2
562246,2025-01-31 03:35:59.002379,59.354,8,1936.989927,59.355,1,0xcaf00370,0,0,8,4818,13009,2,1,0,6,1,0,30,1,2,1,1,0,2
562274,2025-01-31 03:35:59.003045,0.666,8,1936.990592,0.665,7,0xcaf00370,0,0,8,4818,13009,2,1,0,6,1,0,30,1,2,1,1,0,2
565870,2025-01-31 03:35:59.112914,109.869,8,1937.100461,109.869,1,0xcaf00370,0,0,8,6068,6068,3,1,0,6,1,0,30,1,2,1,1,0,2
565889,2025-01-31 03:35:59.113534,0.62,8,1937.101081,0.62,7,0xcaf00370,0,0,8,6068,6068,3,1,0,6,1,0,30,1,2,1,1,0,2
567418,2025-01-31 03:35:59.162479,48.945,8,1937.150026,48.945,1,0xcaf00370,0,0,8,6810,6810,0,0,0,6,1,0,24,1,2,1,1,0,2
567440,2025-01-31 03:35:59.163005,0.526,8,1937.150552,0.526,7,0xcaf00370,0,0,8,6810,6810,0,0,0,6,1,0,24,1,2,1,1,0,2
569558,2025-01-31 03:35:59.222615,59.61000000000001,8,1937.210162,59.61,1,0xcaf00370,0,0,8,6810,6810,1,1,0,27,1,0,6,4,0,1,12,248,1
569580,2025-01-31 03:35:59.223063,0.448,8,1937.21061,0.448,7,0xcaf00370,0,0,8,6810,6810,1,1,0,27,1,0,6,4,0,1,12,248,1
571120,2025-01-31 03:35:59.272758,49.695,8,1937.260305,49.695,1,0xcaf00370,0,0,8,7594,7594,2,0,0,6,1,0,30,1,2,1,1,1,2
571134,2025-01-31 03:35:59.273294,0.536,8,1937.260841,0.536,7,0xcaf00370,0,0,8,7594,7594,2,0,0,6,1,0,30,1,2,1,1,1,2
573157,2025-01-31 03:35:59.332958,59.664,8,1937.320505,59.664,1,0xcaf00370,0,0,8,7594,7594,3,1,0,28,1,0,0,4,0,0,3,132,0
573166,2025-01-31 03:35:59.333463,0.505,8,1937.321011,0.506,7,0xcaf00370,0,0,8,7594,7594,3,1,0,28,1,0,0,4,0,0,3,132,0
574729,2025-01-31 03:35:59.382850,49.387,8,1937.370397,49.386,1,0xcaf00370,0,0,8,2034,10225,0,0,0,6,1,0,25,1,2,1,1,1,2
574747,2025-01-31 03:35:59.383587,0.737,8,1937.371134,0.737,7,0xcaf00370,0,0,8,2034,10225,0,0,0,6,1,0,25,1,2,1,1,1,2
577075,2025-01-31 03:35:59.452910,69.323,8,1937.440457,69.323,1,0xcaf00370,0,0,8,2034,10225,1,1,0,29,1,0,5,2,0,1,9,250,1
577086,2025-01-31 03:35:59.453353,0.443,8,1937.440901,0.444,7,0xcaf00370,0,0,8,2034,10225,1,1,0,29,1,0,5,2,0,1,9,250,1
578706,2025-01-31 03:35:59.502839,49.486000000000004,8,1937.490386,49.485,1,0xcaf00370,0,0,8,2331,10522,2,1,0,6,1,0,30,1,2,1,1,251,2
578716,2025-01-31 03:35:59.503277,0.438,8,1937.490824,0.438,7,0xcaf00370,0,0,8,2331,10522,2,1,0,6,1,0,30,1,2,1,1,251,2
580356,2025-01-31 03:35:59.553250,49.973,8,1937.540797,49.973,1,0xcaf00370,0,0,8,2387,10578,3,1,0,6,1,0,30,1,2,1,1,253,2
580366,2025-01-31 03:35:59.553640,0.39,8,1937.541187,0.39,7,0xcaf00370,0,0,8,2387,10578,3,1,0,6,1,0,30,1,2,1,1,253,2
582006,2025-01-31 03:35:59.603036,49.396,8,1937.590583,49.396,1,0xcaf00370,0,0,8,2445,10636,0,0,0,6,1,0,30,1,2,1,1,253,2
582018,2025-01-31 03:35:59.603444,0.408,8,1937.590991,0.408,7,0xcaf00370,0,0,8,2445,10636,0,0,0,6,1,0,30,1,2,1,1,253,2
583946,2025-01-31 03:35:59.662754,59.31,8,1937.650301,59.31,1,0xcaf00370,0,0,8,2445,10636,1,1,0,30,1,0,0,2,0,0,9,133,0
583952,2025-01-31 03:35:59.663090,0.33599999999999997,8,1937.650637,0.336,7,0xcaf00370,0,0,8,2445,10636,1,1,0,30,1,0,0,2,0,0,9,133,0
585657,2025-01-31 03:35:59.713028,49.938,8,1937.700575,49.938,1,0xcaf00370,0,0,8,2704,10895,2,1,0,6,1,0,30,1,2,1,1,0,2
585669,2025-01-31 03:35:59.713337,0.309,8,1937.700885,0.31,7,0xcaf00370,0,0,8,2704,10895,2,1,0,6,1,0,30,1,2,1,1,0,2
587531,2025-01-31 03:35:59.773089,59.752,8,1937.760636,59.751,1,0xcaf00370,0,0,8,3064,11255,3,1,0,6,1,0,30,1,2,1,1,0,2
587535,2025-01-31 03:35:59.773367,0.27799999999999997,8,1937.760914,0.278,7,0xcaf00370,0,0,8,3064,11255,3,1,0,6,1,0,30,1,2,1,1,0,2
589263,2025-01-31 03:35:59.822832,49.465,8,1937.81038,49.466,1,0xcaf00370,0,0,8,3222,11413,0,1,0,6,1,0,30,1,2,1,1,0,2
589267,2025-01-31 03:35:59.823093,0.261,8,1937.81064,0.26,7,0xcaf00370,0,0,8,3222,11413,0,1,0,6,1,0,30,1,2,1,1,0,2
591138,2025-01-31 03:35:59.882874,59.781,8,1937.870421,59.781,1,0xcaf00370,0,0,8,4550,12741,1,1,0,6,1,0,30,1,2,1,1,0,2
591142,2025-01-31 03:35:59.883089,0.215,8,1937.870636,0.215,7,0xcaf00370,0,0,8,4550,12741,1,1,0,6,1,0,30,1,2,1,1,0,2
592829,2025-01-31 03:35:59.933110,50.021,8,1937.920657,50.021,1,0xcaf00370,0,0,8,4672,12863,2,1,0,6,1,0,30,1,2,1,1,1,2
592833,2025-01-31 03:35:59.933326,0.216,8,1937.920873,0.216,7,0xcaf00370,0,0,8,4672,12863,2,1,0,6,1,0,30,1,2,1,1,1,2
594755,2025-01-31 03:35:59.993661,60.335,8,1937.981208,60.335,1,0xcaf00370,0,0,8,4818,13009,3,1,0,6,1,0,30,1,2,1,1,0,2
594758,2025-01-31 03:35:59.993877,0.216,8,1937.981424,0.216,7,0xcaf00370,0,0,8,4818,13009,3,1,0,6,1,0,30,1,2,1,1,0,2
598341,2025-01-31 03:36:00.103849,109.972,8,1938.091396,109.972,1,0xcaf00370,0,0,8,6068,6068,0,1,0,6,1,0,30,1,2,1,1,0,2
598348,2025-01-31 03:36:00.104064,0.215,8,1938.091611,0.215,7,0xcaf00370,0,0,8,6068,6068,0,1,0,6,1,0,30,1,2,1,1,0,2
599973,2025-01-31 03:36:00.153021,48.957,8,1938.140568,48.957,1,0xcaf00370,0,0,8,6810,6810,1,0,0,6,1,0,24,1,2,1,1,0,2
599977,2025-01-31 03:36:00.153242,0.221,8,1938.140789,0.221,7,0xcaf00370,0,0,8,6810,6810,1,0,0,6,1,0,24,1,2,1,1,0,2
602088,2025-01-31 03:36:00.213023,59.781,8,1938.200571,59.782,1,0xcaf00370,0,0,8,6810,6810,2,1,0,27,1,0,6,4,0,1,12,248,1
602096,2025-01-31 03:36:00.213235,0.212,8,1938.200782,0.211,7,0xcaf00370,0,0,8,6810,6810,2,1,0,27,1,0,6,4,0,1,12,248,1
603715,2025-01-31 03:36:00.262863,49.628,8,1938.25041,49.628,1,0xcaf00370,0,0,8,7594,7594,3,0,0,6,1,0,30,1,2,1,1,1,2
603719,2025-01-31 03:36:00.263074,0.211,8,1938.250621,0.211,7,0xcaf00370,0,0,8,7594,7594,3,0,0,6,1,0,30,1,2,1,1,1,2
605737,2025-01-31 03:36:00.322891,59.817,8,1938.310438,59.817,1,0xcaf00370,0,0,8,7594,7594,0,1,0,28,1,0,0,4,0,0,3,132,0
605749,2025-01-31 03:36:00.323103,0.212,8,1938.31065,0.212,7,0xcaf00370,0,0,8,7594,7594,0,1,0,28,1,0,0,4,0,0,3,132,0
607315,2025-01-31 03:36:00.373127,50.024,8,1938.360674,50.024,1,0xcaf00370,0,0,8,2034,10225,1,0,0,6,1,0,25,1,2,1,1,1,2
607317,2025-01-31 03:36:00.373338,0.211,8,1938.360885,0.211,7,0xcaf00370,0,0,8,2034,10225,1,0,0,6,1,0,25,1,2,1,1,1,2
609379,2025-01-31 03:36:00.433244,59.906,8,1938.420791,59.906,1,0xcaf00370,0,0,8,2034,10225,2,1,0,29,1,0,5,2,0,1,9,250,1
609384,2025-01-31 03:36:00.433427,0.183,8,1938.420974,0.183,7,0xcaf00370,0,0,8,2034,10225,2,1,0,29,1,0,5,2,0,1,9,250,1
610938,2025-01-31 03:36:00.482926,49.499,8,1938.470474,49.5,1,0xcaf00370,0,0,8,2331,10522,3,1,0,6,1,0,30,1,2,1,1,251,2
610947,2025-01-31 03:36:00.483137,0.211,8,1938.470684,0.21,7,0xcaf00370,0,0,8,2331,10522,3,1,0,6,1,0,30,1,2,1,1,251,2
612918,2025-01-31 03:36:00.542953,59.816,8,1938.5305,59.816,1,0xcaf00370,0,0,8,2387,10578,0,1,0,6,1,0,30,1,2,1,1,253,2
612924,2025-01-31 03:36:00.543108,0.155,8,1938.530655,0.155,7,0xcaf00370,0,0,8,2387,10578,0,1,0,6,1,0,30,1,2,1,1,253,2
614620,2025-01-31 03:36:00.593530,50.422000000000004,8,1938.581077,50.422,1,0xcaf00370,0,0,8,2445,10636,1,0,0,6,1,0,30,1,2,1,1,253,2
614621,2025-01-31 03:36:00.593554,0.024,8,1938.581101,0.024,7,0xcaf00370,0,0,8,2445,10636,1,0,0,6,1,0,30,1,2,1,1,253,2
616573,2025-01-31 03:36:00.653291,59.737,8,1938.640838,59.737,1,0xcaf00370,0,0,8,2445,10636,2,1,0,30,1,0,0,2,0,0,9,133,0
616574,2025-01-31 03:36:00.653315,0.024,8,1938.640862,0.024,7,0xcaf00370,0,0,8,2445,10636,2,1,0,30,1,0,0,2,0,0,9,133,0
618262,2025-01-31 03:36:00.704703,51.388000000000005,8,1938.69225,51.388,1,0xcaf00370,0,0,8,2704,10895,3,1,0,6,1,0,30,1,2,1,1,0,2
618274,2025-01-31 03:36:00.705048,0.345,8,1938.692595,0.345,7,0xcaf00370,0,0,8,2704,10895,3,1,0,6,1,0,30,1,2,1,1,0,2
620108,2025-01-31 03:36:00.763195,58.147,8,1938.750742,58.147,7,0xcaf00370,0,0,8,3064,11255,0,1,0,6,1,0,30,1,2,1,1,0,2
620120,2025-01-31 03:36:00.763415,0.22,8,1938.750962,0.22,1,0xcaf00370,0,0,8,3064,11255,0,1,0,6,1,0,30,1,2,1,1,0,2
621887,2025-01-31 03:36:00.813112,49.696999999999996,8,1938.800659,49.697,1,0xcaf00370,0,0,8,3222,11413,1,1,0,6,1,0,30,1,2,1,1,0,2
621902,2025-01-31 03:36:00.813587,0.475,8,1938.801134,0.475,7,0xcaf00370,0,0,8,3222,11413,1,1,0,6,1,0,30,1,2,1,1,0,2
623763,2025-01-31 03:36:00.873019,59.432,8,1938.860567,59.433,1,0xcaf00370,0,0,8,4550,12741,2,1,0,6,1,0,30,1,2,1,1,0,2
623777,2025-01-31 03:36:00.873486,0.467,8,1938.861033,0.466,7,0xcaf00370,0,0,8,4550,12741,2,1,0,6,1,0,30,1,2,1,1,0,2
625434,2025-01-31 03:36:00.922903,49.417,8,1938.91045,49.417,1,0xcaf00370,0,0,8,4672,12863,3,1,0,6,1,0,30,1,2,1,1,1,2
625442,2025-01-31 03:36:00.923063,0.16,8,1938.91061,0.16,7,0xcaf00370,0,0,8,4672,12863,3,1,0,6,1,0,30,1,2,1,1,1,2
627735,2025-01-31 03:36:00.993985,70.922,8,1938.981532,70.922,1,0xcaf00370,0,0,8,4818,13009,0,1,0,6,1,0,30,1,2,1,1,0,2
627736,2025-01-31 03:36:00.994000,0.015000000000000001,8,1938.981547,0.015,7,0xcaf00370,0,0,8,4818,13009,0,1,0,6,1,0,30,1,2,1,1,0,2
631008,2025-01-31 03:36:01.093971,99.971,8,1939.081518,99.971,1,0xcaf00370,0,0,8,6068,6068,1,1,0,6,1,0,30,1,2,1,1,0,2
631018,2025-01-31 03:36:01.094270,0.299,8,1939.081817,0.299,7,0xcaf00370,0,0,8,6068,6068,1,1,0,6,1,0,30,1,2,1,1,0,2
632574,2025-01-31 03:36:01.143169,48.899,8,1939.130716,48.899,1,0xcaf00370,0,0,8,6810,6810,2,0,0,6,1,0,24,1,2,1,1,0,2
632585,2025-01-31 03:36:01.143537,0.368,8,1939.131085,0.369,7,0xcaf00370,0,0,8,6810,6810,2,0,0,6,1,0,24,1,2,1,1,0,2
634611,2025-01-31 03:36:01.203954,60.417,8,1939.191501,60.416,7,0xcaf00370,0,0,8,6810,6810,3,1,0,27,1,0,6,4,0,1,12,248,1
634612,2025-01-31 03:36:01.203965,0.011,8,1939.191512,0.011,1,0xcaf00370,0,0,8,6810,6810,3,1,0,27,1,0,6,4,0,1,12,248,1
636299,2025-01-31 03:36:01.253333,49.368,8,1939.24088,49.368,1,0xcaf00370,0,0,8,7594,7594,0,0,0,6,1,0,30,1,2,1,1,1,2
636309,2025-01-31 03:36:01.253711,0.378,8,1939.241258,0.378,7,0xcaf00370,0,0,8,7594,7594,0,0,0,6,1,0,30,1,2,1,1,1,2
638576,2025-01-31 03:36:01.322953,69.242,8,1939.3105,69.242,1,0xcaf00370,0,0,8,7594,7594,1,1,0,28,1,0,0,4,0,0,3,132,0
638584,2025-01-31 03:36:01.323100,0.147,8,1939.310647,0.147,7,0xcaf00370,0,0,8,7594,7594,1,1,0,28,1,0,0,4,0,0,3,132,0
640158,2025-01-31 03:36:01.373039,49.939,8,1939.360586,49.939,1,0xcaf00370,0,0,8,2034,10225,2,0,0,6,1,0,25,1,2,1,1,1,2
640166,2025-01-31 03:36:01.373259,0.22,8,1939.360806,0.22,7,0xcaf00370,0,0,8,2034,10225,2,0,0,6,1,0,25,1,2,1,1,1,2
642243,2025-01-31 03:36:01.433099,59.839999999999996,8,1939.420646,59.84,1,0xcaf00370,0,0,8,2034,10225,3,1,0,29,1,0,5,2,0,1,9,250,1
642251,2025-01-31 03:36:01.433326,0.22699999999999998,8,1939.420873,0.227,7,0xcaf00370,0,0,8,2034,10225,3,1,0,29,1,0,5,2,0,1,9,250,1
643804,2025-01-31 03:36:01.483008,49.681999999999995,8,1939.470555,49.682,1,0xcaf00370,0,0,8,2331,10522,0,1,0,6,1,0,30,1,2,1,1,251,2
643815,2025-01-31 03:36:01.483253,0.245,8,1939.4708,0.245,7,0xcaf00370,0,0,8,2331,10522,0,1,0,6,1,0,30,1,2,1,1,251,2
646133,2025-01-31 03:36:01.553345,70.092,8,1939.540893,70.093,1,0xcaf00370,0,0,8,2387,10578,1,1,0,6,1,0,30,1,2,1,1,253,2
646139,2025-01-31 03:36:01.553488,0.14300000000000002,8,1939.541035,0.142,7,0xcaf00370,0,0,8,2387,10578,1,1,0,6,1,0,30,1,2,1,1,253,2
647737,2025-01-31 03:36:01.602947,49.459,8,1939.590495,49.46,1,0xcaf00370,0,0,8,2445,10636,2,0,0,6,1,0,30,1,2,1,1,253,2
647745,2025-01-31 03:36:01.603187,0.24000000000000002,8,1939.590734,0.239,7,0xcaf00370,0,0,8,2445,10636,2,0,0,6,1,0,30,1,2,1,1,253,2
649431,2025-01-31 03:36:01.653351,50.164,8,1939.640898,50.164,1,0xcaf00370,0,0,8,2445,10636,3,1,0,30,1,0,0,2,0,0,9,133,0
649437,2025-01-31 03:36:01.653484,0.133,8,1939.641031,0.133,7,0xcaf00370,0,0,8,2445,10636,3,1,0,30,1,0,0,2,0,0,9,133,0
651030,2025-01-31 03:36:01.702956,49.472,8,1939.690503,49.472,1,0xcaf00370,0,0,8,2704,10895,0,1,0,6,1,0,30,1,2,1,1,0,2
651037,2025-01-31 03:36:01.703157,0.201,8,1939.690705,0.202,7,0xcaf00370,0,0,8,2704,10895,0,1,0,6,1,0,30,1,2,1,1,0,2
652988,2025-01-31 03:36:01.762986,59.829,8,1939.750534,59.829,1,0xcaf00370,0,0,8,3064,11255,1,1,0,6,1,0,30,1,2,1,1,0,2
652994,2025-01-31 03:36:01.763174,0.188,8,1939.750721,0.187,7,0xcaf00370,0,0,8,3064,11255,1,1,0,6,1,0,30,1,2,1,1,0,2
654974,2025-01-31 03:36:01.818339,55.165,8,1939.805886,55.165,1,0xcaf00370,0,0,8,3222,11413,2,1,0,6,1,0,30,1,2,1,1,0,2
654977,2025-01-31 03:36:01.818454,0.115,8,1939.806001,0.115,7,0xcaf00370,0,0,8,3222,11413,2,1,0,6,1,0,30,1,2,1,1,0,2
656664,2025-01-31 03:36:01.873512,55.058,8,1939.861059,55.058,1,0xcaf00370,0,0,8,4550,12741,3,1,0,6,1,0,30,1,2,1,1,0,2
656667,2025-01-31 03:36:01.873618,0.106,8,1939.861165,0.106,7,0xcaf00370,0,0,8,4550,12741,3,1,0,6,1,0,30,1,2,1,1,0,2
658358,2025-01-31 03:36:01.923001,49.383,8,1939.910548,49.383,1,0xcaf00370,0,0,8,4672,12863,0,1,0,6,1,0,30,1,2,1,1,1,2
658360,2025-01-31 03:36:01.923043,0.041999999999999996,8,1939.91059,0.042,7,0xcaf00370,0,0,8,4672,12863,0,1,0,6,1,0,30,1,2,1,1,1,2
660241,2025-01-31 03:36:01.983185,60.142,8,1939.970732,60.142,1,0xcaf00370,0,0,8,4818,13009,1,1,0,6,1,0,30,1,2,1,1,0,2
660245,2025-01-31 03:36:01.983279,0.094,8,1939.970826,0.094,7,0xcaf00370,0,0,8,4818,13009,1,1,0,6,1,0,30,1,2,1,1,0,2
663927,2025-01-31 03:36:02.093729,110.45,8,1940.081276,110.45,1,0xcaf00370,0,0,8,6068,6068,2,1,0,6,1,0,30,1,2,1,1,0,2
663933,2025-01-31 03:36:02.094028,0.299,8,1940.081575,0.299,7,0xcaf00370,0,0,8,6068,6068,2,1,0,6,1,0,30,1,2,1,1,0,2
665561,2025-01-31 03:36:02.143232,49.204,8,1940.130779,49.204,1,0xcaf00370,0,0,8,6810,6810,3,0,0,6,1,0,24,1,2,1,1,0,2
665565,2025-01-31 03:36:02.143311,0.079,8,1940.130858,0.079,7,0xcaf00370,0,0,8,6810,6810,3,0,0,6,1,0,24,1,2,1,1,0,2
667548,2025-01-31 03:36:02.203236,59.925,8,1940.190783,59.925,1,0xcaf00370,0,0,8,6810,6810,0,1,0,27,1,0,6,4,0,1,12,248,1
667550,2025-01-31 03:36:02.203307,0.07100000000000001,8,1940.190854,0.071,7,0xcaf00370,0,0,8,6810,6810,0,1,0,27,1,0,6,4,0,1,12,248,1
669298,2025-01-31 03:36:02.253059,49.751999999999995,8,1940.240606,49.752,1,0xcaf00370,0,0,8,7594,7594,1,0,0,6,1,0,30,1,2,1,1,1,2
669299,2025-01-31 03:36:02.253123,0.064,8,1940.24067,0.064,7,0xcaf00370,0,0,8,7594,7594,1,0,0,6,1,0,30,1,2,1,1,1,2
671253,2025-01-31 03:36:02.313223,60.1,8,1940.30077,60.1,1,0xcaf00370,0,0,8,7594,7594,2,1,0,28,1,0,0,4,0,0,3,132,0
671257,2025-01-31 03:36:02.313334,0.111,8,1940.300881,0.111,7,0xcaf00370,0,0,8,7594,7594,2,1,0,28,1,0,0,4,0,0,3,132,0
672815,2025-01-31 03:36:02.362993,49.659,8,1940.35054,49.659,1,0xcaf00370,0,0,8,2034,10225,3,0,0,6,1,0,25,1,2,1,1,1,2
672818,2025-01-31 03:36:02.363100,0.107,8,1940.350647,0.107,7,0xcaf00370,0,0,8,2034,10225,3,0,0,6,1,0,25,1,2,1,1,1,2
675255,2025-01-31 03:36:02.433364,70.264,8,1940.420911,70.264,1,0xcaf00370,0,0,8,2034,10225,0,1,0,29,1,0,5,2,0,1,9,250,1
675256,2025-01-31 03:36:02.433409,0.045000000000000005,8,1940.420957,0.046,7,0xcaf00370,0,0,8,2034,10225,0,1,0,29,1,0,5,2,0,1,9,250,1
676811,2025-01-31 03:36:02.482980,49.571,8,1940.470527,49.57,1,0xcaf00370,0,0,8,2331,10522,1,1,0,6,1,0,30,1,2,1,1,251,2
676814,2025-01-31 03:36:02.483089,0.10900000000000001,8,1940.470636,0.109,7,0xcaf00370,0,0,8,2331,10522,1,1,0,6,1,0,30,1,2,1,1,251,2
678758,2025-01-31 03:36:02.542974,59.885,8,1940.530522,59.886,1,0xcaf00370,0,0,8,2387,10578,2,1,0,6,1,0,30,1,2,1,1,253,2
678760,2025-01-31 03:36:02.543065,0.091,8,1940.530612,0.09,7,0xcaf00370,0,0,8,2387,10578,2,1,0,6,1,0,30,1,2,1,1,253,2
680447,2025-01-31 03:36:02.593357,50.292,8,1940.580905,50.293,1,0xcaf00370,0,0,8,2445,10636,3,0,0,6,1,0,30,1,2,1,1,253,2
680448,2025-01-31 03:36:02.593386,0.029,8,1940.580933,0.028,7,0xcaf00370,0,0,8,2445,10636,3,0,0,6,1,0,30,1,2,1,1,253,2
682048,2025-01-31 03:36:02.643231,49.845,8,1940.630778,49.845,1,0xcaf00370,0,0,8,2445,10636,0,1,0,30,1,0,0,2,0,0,9,133,0
682049,2025-01-31 03:36:02.643255,0.024,8,1940.630802,0.024,7,0xcaf00370,0,0,8,2445,10636,0,1,0,30,1,0,0,2,0,0,9,133,0
683754,2025-01-31 03:36:02.693366,50.111000000000004,8,1940.680913,50.111,1,0xcaf00370,0,0,8,2704,10895,1,1,0,6,1,0,30,1,2,1,1,0,2
683755,2025-01-31 03:36:02.693385,0.019,8,1940.680932,0.019,7,0xcaf00370,0,0,8,2704,10895,1,1,0,6,1,0,30,1,2,1,1,0,2
685719,2025-01-31 03:36:02.753088,59.702999999999996,8,1940.740635,59.703,1,0xcaf00370,0,0,8,3064,11255,2,1,0,6,1,0,30,1,2,1,1,0,2
685720,2025-01-31 03:36:02.753099,0.011,8,1940.740646,0.011,7,0xcaf00370,0,0,8,3064,11255,2,1,0,6,1,0,30,1,2,1,1,0,2
687343,2025-01-31 03:36:02.802976,49.876999999999995,8,1940.790523,49.877,1,0xcaf00370,0,0,8,3222,11413,3,1,0,6,1,0,30,1,2,1,1,0,2
687345,2025-01-31 03:36:02.803040,0.064,8,1940.790587,0.064,7,0xcaf00370,0,0,8,3222,11413,3,1,0,6,1,0,30,1,2,1,1,0,2
689286,2025-01-31 03:36:02.862986,59.946,8,1940.850533,59.946,1,0xcaf00370,0,0,8,4550,12741,0,1,0,6,1,0,30,1,2,1,1,0,2
689287,2025-01-31 03:36:02.863028,0.041999999999999996,8,1940.850575,0.042,7,0xcaf00370,0,0,8,4550,12741,0,1,0,6,1,0,30,1,2,1,1,0,2
690986,2025-01-31 03:36:02.913107,50.079,8,1940.900655,50.08,7,0xcaf00370,0,0,8,4672,12863,1,1,0,6,1,0,30,1,2,1,1,1,2
690987,2025-01-31 03:36:02.913109,0.002,8,1940.900656,0.001,1,0xcaf00370,0,0,8,4672,12863,1,1,0,6,1,0,30,1,2,1,1,1,2
693214,2025-01-31 03:36:02.983243,70.134,8,1940.97079,70.134,7,0xcaf00370,0,0,8,4818,13009,2,1,0,6,1,0,30,1,2,1,1,0,2
693215,2025-01-31 03:36:02.983250,0.007,8,1940.970797,0.007,1,0xcaf00370,0,0,8,4818,13009,2,1,0,6,1,0,30,1,2,1,1,0,2
696889,2025-01-31 03:36:03.093406,110.156,8,1941.080954,110.157,7,0xcaf00370,0,0,8,6068,6068,3,1,0,6,1,0,30,1,2,1,1,0,2
696890,2025-01-31 03:36:03.093428,0.022,8,1941.080975,0.021,1,0xcaf00370,0,0,8,6068,6068,3,1,0,6,1,0,30,1,2,1,1,0,2
698506,2025-01-31 03:36:03.142992,49.564,8,1941.130539,49.564,1,0xcaf00370,0,0,8,6810,6810,0,0,0,6,1,0,24,1,2,1,1,0,2
698507,2025-01-31 03:36:03.143019,0.027,8,1941.130566,0.027,7,0xcaf00370,0,0,8,6810,6810,0,0,0,6,1,0,24,1,2,1,1,0,2
700508,2025-01-31 03:36:03.200528,57.509,8,1941.188075,57.509,7,0xcaf00370,0,0,8,6810,6810,1,1,0,27,1,0,6,4,0,1,12,248,1
700510,2025-01-31 03:36:03.200564,0.036000000000000004,8,1941.188111,0.036,1,0xcaf00370,0,0,8,6810,6810,1,1,0,27,1,0,6,4,0,1,12,248,1
702051,2025-01-31 03:36:03.243401,42.837,8,1941.230948,42.837,7,0xcaf00370,0,0,8,7594,7594,2,0,0,6,1,0,30,1,2,1,1,1,2
702052,2025-01-31 03:36:03.243440,0.039,8,1941.230988,0.04,1,0xcaf00370,0,0,8,7594,7594,2,0,0,6,1,0,30,1,2,1,1,1,2
703968,2025-01-31 03:36:03.303235,59.795,8,1941.290783,59.795,7,0xcaf00370,0,0,8,7594,7594,3,1,0,28,1,0,0,4,0,0,3,132,0
703970,2025-01-31 03:36:03.303282,0.047,8,1941.290829,0.046,1,0xcaf00370,0,0,8,7594,7594,3,1,0,28,1,0,0,4,0,0,3,132,0
705673,2025-01-31 03:36:03.353372,50.09,8,1941.340919,50.09,7,0xcaf00370,0,0,8,2034,10225,0,0,0,6,1,0,25,1,2,1,1,1,2
705674,2025-01-31 03:36:03.353426,0.054,8,1941.340974,0.055,1,0xcaf00370,0,0,8,2034,10225,0,0,0,6,1,0,25,1,2,1,1,1,2
707768,2025-01-31 03:36:03.414109,60.683,8,1941.401657,60.683,1,0xcaf00370,0,0,8,2034,10225,1,1,0,29,1,0,5,2,0,1,9,250,1
707769,2025-01-31 03:36:03.414129,0.02,8,1941.401676,0.019,7,0xcaf00370,0,0,8,2034,10225,1,1,0,29,1,0,5,2,0,1,9,250,1
709304,2025-01-31 03:36:03.462995,48.866,8,1941.450542,48.866,7,0xcaf00370,0,0,8,2331,10522,2,1,0,6,1,0,30,1,2,1,1,251,2
709305,2025-01-31 03:36:03.463007,0.012,8,1941.450555,0.013,1,0xcaf00370,0,0,8,2331,10522,2,1,0,6,1,0,30,1,2,1,1,251,2
711047,2025-01-31 03:36:03.513955,50.948,8,1941.501502,50.947,1,0xcaf00370,0,0,8,2387,10578,3,1,0,6,1,0,30,1,2,1,1,253,2
711056,2025-01-31 03:36:03.514141,0.186,8,1941.501688,0.186,7,0xcaf00370,0,0,8,2387,10578,3,1,0,6,1,0,30,1,2,1,1,253,2
712637,2025-01-31 03:36:03.563089,48.948,8,1941.550636,48.948,7,0xcaf00370,0,0,8,2445,10636,0,0,0,6,1,0,30,1,2,1,1,253,2
712639,2025-01-31 03:36:03.563143,0.054,8,1941.55069,0.054,1,0xcaf00370,0,0,8,2445,10636,0,0,0,6,1,0,30,1,2,1,1,253,2
715018,2025-01-31 03:36:03.633385,70.242,8,1941.620932,70.242,7,0xcaf00370,0,0,8,2445,10636,1,1,0,30,1,0,0,2,0,0,9,133,0
715019,2025-01-31 03:36:03.633472,0.087,8,1941.621019,0.087,1,0xcaf00370,0,0,8,2445,10636,1,1,0,30,1,0,0,2,0,0,9,133,0
716603,2025-01-31 03:36:03.682989,49.516999999999996,8,1941.670536,49.517,7,0xcaf00370,0,0,8,2704,10895,2,1,0,6,1,0,30,1,2,1,1,0,2
716605,2025-01-31 03:36:03.683017,0.028,8,1941.670564,0.028,1,0xcaf00370,0,0,8,2704,10895,2,1,0,6,1,0,30,1,2,1,1,0,2
718594,2025-01-31 03:36:03.742992,59.975,8,1941.730539,59.975,7,0xcaf00370,0,0,8,3064,11255,3,1,0,6,1,0,30,1,2,1,1,0,2
718596,2025-01-31 03:36:03.743073,0.081,8,1941.73062,0.081,1,0xcaf00370,0,0,8,3064,11255,3,1,0,6,1,0,30,1,2,1,1,0,2
720311,2025-01-31 03:36:03.793388,50.315,8,1941.780935,50.315,7,0xcaf00370,0,0,8,3222,11413,0,1,0,6,1,0,30,1,2,1,1,0,2
720312,2025-01-31 03:36:03.793496,0.108,8,1941.781043,0.108,1,0xcaf00370,0,0,8,3222,11413,0,1,0,6,1,0,30,1,2,1,1,0,2
722542,2025-01-31 03:36:03.863219,69.723,8,1941.850767,69.724,7,0xcaf00370,0,0,8,4550,12741,1,1,0,6,1,0,30,1,2,1,1,0,2
722544,2025-01-31 03:36:03.863565,0.34600000000000003,8,1941.851113,0.346,1,0xcaf00370,0,0,8,4550,12741,1,1,0,6,1,0,30,1,2,1,1,0,2
724276,2025-01-31 03:36:03.913770,50.205,8,1941.901318,50.205,1,0xcaf00370,0,0,8,4672,12863,2,1,0,6,1,0,30,1,2,1,1,1,2
724284,2025-01-31 03:36:03.913956,0.186,8,1941.901504,0.186,7,0xcaf00370,0,0,8,4672,12863,2,1,0,6,1,0,30,1,2,1,1,1,2
725807,2025-01-31 03:36:03.963009,49.053,8,1941.950556,49.052,7,0xcaf00370,0,0,8,4818,13009,3,1,0,6,1,0,30,1,2,1,1,0,2
725809,2025-01-31 03:36:03.963083,0.074,8,1941.95063,0.074,1,0xcaf00370,0,0,8,4818,13009,3,1,0,6,1,0,30,1,2,1,1,0,2
729455,2025-01-31 03:36:04.073248,110.16499999999999,8,1942.060796,110.166,7,0xcaf00370,0,0,8,6068,6068,0,1,0,6,1,0,30,1,2,1,1,0,2
729457,2025-01-31 03:36:04.073393,0.145,8,1942.06094,0.144,1,0xcaf00370,0,0,8,6068,6068,0,1,0,6,1,0,30,1,2,1,1,0,2
731101,2025-01-31 03:36:04.123017,49.624,8,1942.110564,49.624,7,0xcaf00370,0,0,8,6810,6810,1,0,0,6,1,0,24,1,2,1,1,0,2
731113,2025-01-31 03:36:04.123251,0.23399999999999999,8,1942.110798,0.234,1,0xcaf00370,0,0,8,6810,6810,1,0,0,6,1,0,24,1,2,1,1,0,2
733485,2025-01-31 03:36:04.193649,70.398,8,1942.181197,70.399,7,0xcaf00370,0,0,8,6810,6810,2,1,0,27,1,0,6,4,0,1,12,248,1
733486,2025-01-31 03:36:04.193803,0.154,8,1942.18135,0.153,1,0xcaf00370,0,0,8,6810,6810,2,1,0,27,1,0,6,4,0,1,12,248,1
735155,2025-01-31 03:36:04.243184,49.381,8,1942.230731,49.381,7,0xcaf00370,0,0,8,7594,7594,3,0,0,6,1,0,30,1,2,1,1,1,2
735156,2025-01-31 03:36:04.243344,0.16,8,1942.230891,0.16,1,0xcaf00370,0,0,8,7594,7594,3,0,0,6,1,0,30,1,2,1,1,1,2
737092,2025-01-31 03:36:04.303181,59.837,8,1942.290728,59.837,7,0xcaf00370,0,0,8,7594,7594,0,1,0,28,1,0,0,4,0,0,3,132,0
737095,2025-01-31 03:36:04.303348,0.16699999999999998,8,1942.290895,0.167,1,0xcaf00370,0,0,8,7594,7594,0,1,0,28,1,0,0,4,0,0,3,132,0
738758,2025-01-31 03:36:04.353021,49.673,8,1942.340568,49.673,7,0xcaf00370,0,0,8,2034,10225,1,0,0,6,1,0,25,1,2,1,1,1,2
738761,2025-01-31 03:36:04.353193,0.17200000000000001,8,1942.34074,0.172,1,0xcaf00370,0,0,8,2034,10225,1,0,0,6,1,0,25,1,2,1,1,1,2
740779,2025-01-31 03:36:04.413359,60.166,8,1942.400906,60.166,7,0xcaf00370,0,0,8,2034,10225,2,1,0,29,1,0,5,2,0,1,9,250,1
740785,2025-01-31 03:36:04.413512,0.153,8,1942.401059,0.153,1,0xcaf00370,0,0,8,2034,10225,2,1,0,29,1,0,5,2,0,1,9,250,1
742360,2025-01-31 03:36:04.463160,49.647999999999996,8,1942.450707,49.648,7,0xcaf00370,0,0,8,2331,10522,3,1,0,6,1,0,30,1,2,1,1,251,2
742366,2025-01-31 03:36:04.463570,0.41,8,1942.451117,0.41,1,0xcaf00370,0,0,8,2331,10522,3,1,0,6,1,0,30,1,2,1,1,251,2
744734,2025-01-31 03:36:04.533096,69.52600000000001,8,1942.520643,69.526,7,0xcaf00370,0,0,8,2387,10578,0,1,0,6,1,0,30,1,2,1,1,253,2
744737,2025-01-31 03:36:04.533222,0.126,8,1942.520769,0.126,1,0xcaf00370,0,0,8,2387,10578,0,1,0,6,1,0,30,1,2,1,1,253,2
746317,2025-01-31 03:36:04.582891,49.669,8,1942.570438,49.669,7,0xcaf00370,0,0,8,2445,10636,1,0,0,6,1,0,30,1,2,1,1,253,2
746324,2025-01-31 03:36:04.583066,0.175,8,1942.570613,0.175,1,0xcaf00370,0,0,8,2445,10636,1,0,0,6,1,0,30,1,2,1,1,253,2
748012,2025-01-31 03:36:04.633543,50.477000000000004,8,1942.62109,50.477,7,0xcaf00370,0,0,8,2445,10636,2,1,0,30,1,0,0,2,0,0,9,133,0
748014,2025-01-31 03:36:04.633746,0.203,8,1942.621293,0.203,1,0xcaf00370,0,0,8,2445,10636,2,1,0,30,1,0,0,2,0,0,9,133,0
749636,2025-01-31 03:36:04.682906,49.160000000000004,8,1942.670453,49.16,7,0xcaf00370,0,0,8,2704,10895,3,1,0,6,1,0,30,1,2,1,1,0,2
749640,2025-01-31 03:36:04.683047,0.14100000000000001,8,1942.670594,0.141,1,0xcaf00370,0,0,8,2704,10895,3,1,0,6,1,0,30,1,2,1,1,0,2
751639,2025-01-31 03:36:04.743535,60.488,8,1942.731082,60.488,7,0xcaf00370,0,0,8,3064,11255,0,1,0,6,1,0,30,1,2,1,1,0,2
751641,2025-01-31 03:36:04.743747,0.212,8,1942.731294,0.212,1,0xcaf00370,0,0,8,3064,11255,0,1,0,6,1,0,30,1,2,1,1,0,2
753316,2025-01-31 03:36:04.793181,49.434,8,1942.780728,49.434,7,0xcaf00370,0,0,8,3222,11413,1,1,0,6,1,0,30,1,2,1,1,0,2
753318,2025-01-31 03:36:04.793399,0.21800000000000003,8,1942.780946,0.218,1,0xcaf00370,0,0,8,3222,11413,1,1,0,6,1,0,30,1,2,1,1,0,2
755552,2025-01-31 03:36:04.863141,69.742,8,1942.850688,69.742,7,0xcaf00370,0,0,8,4550,12741,2,1,0,6,1,0,30,1,2,1,1,0,2
755558,2025-01-31 03:36:04.863585,0.444,8,1942.851132,0.444,1,0xcaf00370,0,0,8,4550,12741,2,1,0,6,1,0,30,1,2,1,1,0,2
757270,2025-01-31 03:36:04.913623,50.038,8,1942.90117,50.038,7,0xcaf00370,0,0,8,4672,12863,3,1,0,6,1,0,30,1,2,1,1,1,2
757275,2025-01-31 03:36:04.913843,0.22,8,1942.90139,0.22,1,0xcaf00370,0,0,8,4672,12863,3,1,0,6,1,0,30,1,2,1,1,1,2
759159,2025-01-31 03:36:04.973143,59.3,8,1942.96069,59.3,7,0xcaf00370,0,0,8,4818,13009,0,1,0,6,1,0,30,1,2,1,1,0,2
759160,2025-01-31 03:36:04.973361,0.21800000000000003,8,1942.960909,0.219,1,0xcaf00370,0,0,8,4818,13009,0,1,0,6,1,0,30,1,2,1,1,0,2
762811,2025-01-31 03:36:05.083153,109.792,8,1943.0707,109.791,7,0xcaf00370,0,0,8,6068,6068,1,1,0,6,1,0,30,1,2,1,1,0,2
762813,2025-01-31 03:36:05.083369,0.216,8,1943.070917,0.217,1,0xcaf00370,0,0,8,6068,6068,1,1,0,6,1,0,30,1,2,1,1,0,2
764480,2025-01-31 03:36:05.133132,49.763000000000005,8,1943.120679,49.762,7,0xcaf00370,0,0,8,6810,6810,2,0,0,6,1,0,24,1,2,1,1,0,2
764481,2025-01-31 03:36:05.133350,0.21800000000000003,8,1943.120897,0.218,1,0xcaf00370,0,0,8,6810,6810,2,0,0,6,1,0,24,1,2,1,1,0,2
766457,2025-01-31 03:36:05.193504,60.153999999999996,8,1943.181051,60.154,7,0xcaf00370,0,0,8,6810,6810,3,1,0,27,1,0,6,4,0,1,12,248,1
766458,2025-01-31 03:36:05.193721,0.217,8,1943.181268,0.217,1,0xcaf00370,0,0,8,6810,6810,3,1,0,27,1,0,6,4,0,1,12,248,1
768108,2025-01-31 03:36:05.242834,49.113,8,1943.230381,49.113,7,0xcaf00370,0,0,8,7594,7594,0,0,0,6,1,0,30,1,2,1,1,1,2
768110,2025-01-31 03:36:05.243049,0.215,8,1943.230596,0.215,1,0xcaf00370,0,0,8,7594,7594,0,0,0,6,1,0,30,1,2,1,1,1,2
770049,2025-01-31 03:36:05.302870,59.821,8,1943.290417,59.821,7,0xcaf00370,0,0,8,7594,7594,1,1,0,28,1,0,0,4,0,0,3,132,0
770052,2025-01-31 03:36:05.303086,0.216,8,1943.290633,0.216,1,0xcaf00370,0,0,8,7594,7594,1,1,0,28,1,0,0,4,0,0,3,132,0
771712,2025-01-31 03:36:05.352947,49.861000000000004,8,1943.340494,49.861,7,0xcaf00370,0,0,8,2034,10225,2,0,0,6,1,0,25,1,2,1,1,1,2
771715,2025-01-31 03:36:05.353306,0.359,8,1943.340853,0.359,1,0xcaf00370,0,0,8,2034,10225,2,0,0,6,1,0,25,1,2,1,1,1,2
773734,2025-01-31 03:36:05.413642,60.336,8,1943.401189,60.336,7,0xcaf00370,0,0,8,2034,10225,3,1,0,29,1,0,5,2,0,1,9,250,1
773743,2025-01-31 03:36:05.413833,0.191,8,1943.40138,0.191,1,0xcaf00370,0,0,8,2034,10225,3,1,0,29,1,0,5,2,0,1,9,250,1
775295,2025-01-31 03:36:05.463126,49.293,8,1943.450673,49.293,7,0xcaf00370,0,0,8,2331,10522,0,1,0,6,1,0,30,1,2,1,1,251,2
775301,2025-01-31 03:36:05.463570,0.444,8,1943.451117,0.444,1,0xcaf00370,0,0,8,2331,10522,0,1,0,6,1,0,30,1,2,1,1,251,2
777319,2025-01-31 03:36:05.523172,59.602000000000004,8,1943.510719,59.602,7,0xcaf00370,0,0,8,2387,10578,1,1,0,6,1,0,30,1,2,1,1,253,2
777325,2025-01-31 03:36:05.523374,0.202,8,1943.510921,0.202,1,0xcaf00370,0,0,8,2387,10578,1,1,0,6,1,0,30,1,2,1,1,253,2
778917,2025-01-31 03:36:05.573015,49.641,8,1943.560562,49.641,7,0xcaf00370,0,0,8,2445,10636,2,0,0,6,1,0,30,1,2,1,1,253,2
778919,2025-01-31 03:36:05.573156,0.14100000000000001,8,1943.560703,0.141,1,0xcaf00370,0,0,8,2445,10636,2,0,0,6,1,0,30,1,2,1,1,253,2
780913,2025-01-31 03:36:05.633023,59.867,8,1943.62057,59.867,7,0xcaf00370,0,0,8,2445,10636,3,1,0,30,1,0,0,2,0,0,9,133,0
780915,2025-01-31 03:36:05.633234,0.211,8,1943.620781,0.211,1,0xcaf00370,0,0,8,2445,10636,3,1,0,30,1,0,0,2,0,0,9,133,0
782522,2025-01-31 03:36:05.682851,49.617000000000004,8,1943.670398,49.617,7,0xcaf00370,0,0,8,2704,10895,0,1,0,6,1,0,30,1,2,1,1,0,2
782533,2025-01-31 03:36:05.683097,0.24600000000000002,8,1943.670644,0.246,1,0xcaf00370,0,0,8,2704,10895,0,1,0,6,1,0,30,1,2,1,1,0,2
784233,2025-01-31 03:36:05.733258,50.160999999999994,8,1943.720805,50.161,7,0xcaf00370,0,0,8,3064,11255,1,1,0,6,1,0,30,1,2,1,1,0,2
784234,2025-01-31 03:36:05.733469,0.211,8,1943.721016,0.211,1,0xcaf00370,0,0,8,3064,11255,1,1,0,6,1,0,30,1,2,1,1,0,2
785910,2025-01-31 03:36:05.786065,52.596,8,1943.773613,52.597,1,0xcaf00370,0,0,8,3222,11413,2,1,0,6,1,0,30,1,2,1,1,0,2
785969,2025-01-31 03:36:05.787113,1.048,8,1943.77466,1.047,7,0xcaf00370,0,0,8,3222,11413,2,1,0,6,1,0,30,1,2,1,1,0,2
787767,2025-01-31 03:36:05.843163,56.050000000000004,8,1943.83071,56.05,7,0xcaf00370,0,0,8,4550,12741,3,1,0,6,1,0,30,1,2,1,1,0,2
787771,2025-01-31 03:36:05.843362,0.199,8,1943.830909,0.199,1,0xcaf00370,0,0,8,4550,12741,3,1,0,6,1,0,30,1,2,1,1,0,2
789444,2025-01-31 03:36:05.893460,50.098,8,1943.881007,50.098,7,0xcaf00370,0,0,8,4672,12863,0,1,0,6,1,0,30,1,2,1,1,1,2
789447,2025-01-31 03:36:05.893649,0.189,8,1943.881197,0.19,1,0xcaf00370,0,0,8,4672,12863,0,1,0,6,1,0,30,1,2,1,1,1,2
