logIndex,logTime,¦¤logTime[ms],length,timeStamp[s],¦¤timeStamp[ms],seq,ID,msgcnt,¦¤msgcnt,Path Index,Offset,Offset(Adj),Cyclic Counter,Last Stub at Offset,Rerouting Flag,Sub-path Index,Retransmission,Update,Relative Probability,Functional Road Class,Part of Calculated route,Expressway Flag,Form of Way,Turn angle,Number of Lanes in driving direction
101,2025-01-31 01:51:06.693518,0.0,8,0.177672,0.0,1,0xcaf00370,0,0,2,8191,8191,0,0,0,0,1,0,31,7,3,0,15,254,15
257,2025-01-31 01:51:06.744963,51.445,8,0.229116,51.444,1,0xcaf00370,0,0,2,8191,8191,1,0,0,0,1,0,31,7,3,0,15,254,15
540,2025-01-31 01:51:06.804548,59.585,8,0.288702,59.586,1,0xcaf00370,0,0,2,8191,8191,2,0,0,0,1,0,31,7,3,0,15,254,15
786,2025-01-31 01:51:06.854399,49.851,8,0.338553,49.851,1,0xcaf00370,0,0,2,8191,8191,3,0,0,0,1,0,31,7,3,0,15,254,15
8232,2025-01-31 01:51:06.916135,61.736,8,0.400288,61.735,1,0xcaf00370,0,0,2,8191,8191,0,0,0,0,1,0,31,7,3,0,15,254,15
8391,2025-01-31 01:51:06.965008,48.873,8,0.449162,48.874,1,0xcaf00370,0,0,2,8191,8191,1,0,0,0,1,0,31,7,3,0,15,254,15
8676,2025-01-31 01:51:07.024728,59.72,8,0.508882,59.72,1,0xcaf00370,0,0,2,8191,8191,2,0,0,0,1,0,31,7,3,0,15,254,15
8909,2025-01-31 01:51:07.075270,50.541999999999994,8,0.559423,50.541,1,0xcaf00370,0,0,2,8191,8191,3,0,0,0,1,0,31,7,3,0,15,254,15
9137,2025-01-31 01:51:07.124707,49.437000000000005,8,0.60886,49.437,1,0xcaf00370,0,0,2,8191,8191,0,0,0,0,1,0,31,7,3,0,15,254,15
13023,2025-01-31 01:51:07.174906,50.199,8,0.65906,50.2,1,0xcaf00370,0,0,2,8191,8191,1,0,0,0,1,0,31,7,3,0,15,254,15
13314,2025-01-31 01:51:07.235133,60.227000000000004,8,0.719286,60.226,1,0xcaf00370,0,0,2,8191,8191,2,0,0,0,1,0,31,7,3,0,15,254,15
13536,2025-01-31 01:51:07.284952,49.819,8,0.769106,49.82,1,0xcaf00370,0,0,2,8191,8191,3,0,0,0,1,0,31,7,3,0,15,254,15
13825,2025-01-31 01:51:07.344739,59.787,8,0.828892,59.786,1,0xcaf00370,0,0,2,8191,8191,0,0,0,0,1,0,31,7,3,0,15,254,15
13964,2025-01-31 01:51:07.394927,50.188,8,0.87908,50.188,1,0xcaf00370,0,0,2,8191,8191,1,0,0,0,1,0,31,7,3,0,15,254,15
14811,2025-01-31 01:51:07.455194,60.267,8,0.939347,60.267,1,0xcaf00370,0,0,2,8191,8191,2,0,0,0,1,0,31,7,3,0,15,254,15
15033,2025-01-31 01:51:07.504409,49.215,8,0.988562,49.215,1,0xcaf00370,0,0,2,8191,8191,3,0,0,0,1,0,31,7,3,0,15,254,15
15280,2025-01-31 01:51:07.556674,52.265,8,1.040828,52.266,1,0xcaf00370,0,0,2,8191,8191,0,0,0,0,1,0,31,7,3,0,15,254,15
15400,2025-01-31 01:51:07.604691,48.016999999999996,8,1.088844,48.016,1,0xcaf00370,0,0,2,8191,8191,1,0,0,0,1,0,31,7,3,0,15,254,15
15537,2025-01-31 01:51:07.703803,99.11200000000001,8,1.187956,99.112,1,0xcaf00370,0,0,2,8191,8191,2,0,0,0,1,0,31,7,3,0,15,254,15
7715,2025-01-31 01:51:07.775803,72.0,8,1.259957,72.001,7,0xcaf00370,0,0,2,8191,8191,0,0,0,0,1,0,31,7,3,0,15,254,15
16270,2025-01-31 01:51:07.797566,21.763,8,1.28172,21.763,1,0xcaf00370,0,0,2,8191,8191,3,0,0,0,1,0,31,7,3,0,15,254,15
8086,2025-01-31 01:51:07.824404,26.838,8,1.308557,26.837,7,0xcaf00370,0,0,2,8191,8191,1,0,0,0,1,0,31,7,3,0,15,254,15
16901,2025-01-31 01:51:07.884976,60.572,8,1.36913,60.573,7,0xcaf00370,0,0,2,8191,8191,2,0,0,0,1,0,31,7,3,0,15,254,15
17157,2025-01-31 01:51:07.894464,9.488,8,1.378618,9.488,1,0xcaf00370,0,0,2,8191,8191,0,0,0,0,1,0,31,7,3,0,15,254,15
18192,2025-01-31 01:51:07.935190,40.726,8,1.419344,40.726,7,0xcaf00370,0,0,2,8191,8191,3,0,0,0,1,0,31,7,3,0,15,254,15
19798,2025-01-31 01:51:07.986557,51.367000000000004,8,1.47071,51.366,1,0xcaf00370,0,0,2,8191,8191,1,0,0,0,1,0,31,7,3,0,15,254,15
20309,2025-01-31 01:51:08.004466,17.909000000000002,8,1.48862,17.91,7,0xcaf00370,0,0,2,8191,8191,0,0,0,0,1,0,31,7,3,0,15,254,15
21773,2025-01-31 01:51:08.054410,49.944,8,1.538563,49.943,7,0xcaf00370,0,0,2,8191,8191,1,0,0,0,1,0,31,7,3,0,15,254,15
23193,2025-01-31 01:51:08.101222,46.812,8,1.585375,46.812,1,0xcaf00370,0,0,2,8191,8191,2,0,0,0,1,0,31,7,3,0,15,254,15
23329,2025-01-31 01:51:08.104887,3.665,8,1.58904,3.665,7,0xcaf00370,0,0,2,8191,8191,2,0,0,0,1,0,31,7,3,0,15,254,15
24813,2025-01-31 01:51:08.154514,49.626999999999995,8,1.638667,49.627,7,0xcaf00370,0,0,2,8191,8191,3,0,0,0,1,0,31,7,3,0,15,254,15
26097,2025-01-31 01:51:08.195977,41.463,8,1.68013,41.463,1,0xcaf00370,0,0,2,8191,8191,3,0,0,0,1,0,31,7,3,0,15,254,15
26643,2025-01-31 01:51:08.215212,19.235,8,1.699366,19.236,7,0xcaf00370,0,0,2,8191,8191,0,0,0,0,1,0,31,7,3,0,15,254,15
28115,2025-01-31 01:51:08.264510,49.298,8,1.748664,49.298,7,0xcaf00370,0,0,2,8191,8191,1,0,0,0,1,0,31,7,3,0,15,254,15
29917,2025-01-31 01:51:08.324468,59.958,8,1.808621,59.957,7,0xcaf00370,0,0,2,8191,8191,2,0,0,0,1,0,31,7,3,0,15,254,15
30005,2025-01-31 01:51:08.326946,2.478,8,1.811099,2.478,1,0xcaf00370,0,0,2,8191,8191,0,0,0,0,1,0,31,7,3,0,15,254,15
31463,2025-01-31 01:51:08.375825,48.879,8,1.859979,48.88,7,0xcaf00370,0,0,2,8191,8191,3,0,0,0,1,0,31,7,3,0,15,254,15
32818,2025-01-31 01:51:08.421978,46.153,8,1.906132,46.153,1,0xcaf00370,0,0,2,8191,8191,1,0,0,0,1,0,31,7,3,0,15,254,15
33520,2025-01-31 01:51:08.445023,23.044999999999998,8,1.929177,23.045,7,0xcaf00370,0,0,2,8191,8191,0,0,0,0,1,0,31,7,3,0,15,254,15
35009,2025-01-31 01:51:08.494504,49.480999999999995,8,1.978657,49.48,7,0xcaf00370,0,0,2,8191,8191,1,0,0,0,1,0,31,7,3,0,15,254,15
35686,2025-01-31 01:51:08.516523,22.019000000000002,8,2.000676,22.019,1,0xcaf00370,0,0,2,8191,8191,2,0,0,0,1,0,31,7,3,0,15,254,15
36804,2025-01-31 01:51:08.554509,37.986,8,2.038663,37.987,7,0xcaf00370,0,0,2,8191,8191,2,0,0,0,1,0,31,7,3,0,15,254,15
38289,2025-01-31 01:51:08.604409,49.9,8,2.088562,49.899,7,0xcaf00370,0,0,2,8191,8191,3,0,0,0,1,0,31,7,3,0,15,254,15
38475,2025-01-31 01:51:08.610868,6.4590000000000005,8,2.095021,6.459,1,0xcaf00370,0,0,2,8191,8191,3,0,0,0,1,0,31,7,3,0,15,254,15
40122,2025-01-31 01:51:08.664490,53.622,8,2.148644,53.623,7,0xcaf00370,0,0,2,8191,8191,0,0,0,0,1,0,31,7,3,0,15,254,15
41648,2025-01-31 01:51:08.715131,50.641,8,2.199284,50.64,7,0xcaf00370,0,0,2,8191,8191,1,0,0,0,1,0,31,7,3,0,15,254,15
41976,2025-01-31 01:51:08.725384,10.253,8,2.209537,10.253,1,0xcaf00370,0,0,2,8191,8191,0,0,0,0,1,0,31,7,3,0,15,254,15
43752,2025-01-31 01:51:08.784943,59.559,8,2.269097,59.56,7,0xcaf00370,0,0,2,8191,8191,2,0,0,0,1,0,31,7,3,0,15,254,15
44766,2025-01-31 01:51:08.818541,33.598000000000006,8,2.302694,33.597,1,0xcaf00370,0,0,2,8191,8191,1,0,0,0,1,0,31,7,3,0,15,254,15
45211,2025-01-31 01:51:08.834432,15.890999999999998,8,2.318585,15.891,7,0xcaf00370,0,0,2,8191,8191,3,0,0,0,1,0,31,7,3,0,15,254,15
46798,2025-01-31 01:51:08.885767,51.335,8,2.36992,51.335,7,0xcaf00370,0,0,2,8191,8191,0,0,0,0,1,0,31,7,3,0,15,254,15
48114,2025-01-31 01:51:08.931936,46.169000000000004,8,2.416089,46.169,1,0xcaf00370,0,0,2,8191,8191,2,0,0,0,1,0,31,7,3,0,15,254,15
48207,2025-01-31 01:51:08.934456,2.52,8,2.418609,2.52,7,0xcaf00370,0,0,2,8191,8191,1,0,0,0,1,0,31,7,3,0,15,254,15
50084,2025-01-31 01:51:08.994772,60.316,8,2.478925,60.316,7,0xcaf00370,0,0,2,8191,8191,2,0,0,0,1,0,31,7,3,0,15,254,15
51109,2025-01-31 01:51:09.029003,34.230999999999995,8,2.513156,34.231,1,0xcaf00370,0,0,2,8191,8191,3,0,0,0,1,0,31,7,3,0,15,254,15
51567,2025-01-31 01:51:09.044817,15.814000000000002,8,2.528971,15.815,7,0xcaf00370,0,0,2,8191,8191,3,0,0,0,1,0,31,7,3,0,15,254,15
53351,2025-01-31 01:51:09.104607,59.790000000000006,8,2.588761,59.79,7,0xcaf00370,0,0,2,8191,8191,0,0,0,0,1,0,31,7,3,0,15,254,15
54903,2025-01-31 01:51:09.154619,50.012,8,2.638772,50.011,7,0xcaf00370,0,0,2,8191,8191,1,0,0,0,1,0,31,7,3,0,15,254,15
55053,2025-01-31 01:51:09.159283,4.664,8,2.643437,4.665,1,0xcaf00370,0,0,2,8191,8191,0,0,0,0,1,0,31,7,3,0,15,254,15
56763,2025-01-31 01:51:09.215346,56.063,8,2.6995,56.063,7,0xcaf00370,0,0,2,8191,8191,2,0,0,0,1,0,31,7,3,0,15,254,15
57931,2025-01-31 01:51:09.253624,38.278,8,2.737777,38.277,1,0xcaf00370,0,0,2,8191,8191,1,0,0,0,1,0,31,7,3,0,15,254,15
58302,2025-01-31 01:51:09.264604,10.98,8,2.748757,10.98,7,0xcaf00370,0,0,2,8191,8191,3,0,0,0,1,0,31,7,3,0,15,254,15
60174,2025-01-31 01:51:09.324650,60.046,8,2.808803,60.046,7,0xcaf00370,0,0,2,8191,8191,0,0,0,0,1,0,31,7,3,0,15,254,15
61506,2025-01-31 01:51:09.367121,42.471000000000004,8,2.851274,42.471,1,0xcaf00370,0,0,2,8191,8191,2,0,0,0,1,0,31,7,3,0,15,254,15
61704,2025-01-31 01:51:09.374618,7.497,8,2.858771,7.497,7,0xcaf00370,0,0,2,8191,8191,1,0,0,0,1,0,31,7,3,0,15,254,15
64070,2025-01-31 01:51:09.444975,70.357,8,2.929128,70.357,7,0xcaf00370,0,0,2,8191,8191,2,0,0,0,1,0,31,7,3,0,15,254,15
64687,2025-01-31 01:51:09.461190,16.215,8,2.945344,16.216,1,0xcaf00370,0,0,2,8191,8191,3,0,0,0,1,0,31,7,3,0,15,254,15
65907,2025-01-31 01:51:09.494684,33.494,8,2.978837,33.493,7,0xcaf00370,0,0,2,8191,8191,3,0,0,0,1,0,31,7,3,0,15,254,15
67481,2025-01-31 01:51:09.536956,42.272,8,3.021109,42.272,1,0xcaf00370,0,0,2,8191,8191,0,0,0,0,1,0,31,7,3,0,15,254,15
67805,2025-01-31 01:51:09.543950,6.994,8,3.028104,6.995,1,0xcaf00370,0,0,2,8191,8191,1,0,0,0,1,0,31,7,3,0,15,254,15
67930,2025-01-31 01:51:09.545767,1.817,8,3.02992,1.816,7,0xcaf00370,0,0,2,8191,8191,0,0,0,0,1,0,31,7,3,0,15,254,15
68289,2025-01-31 01:51:09.553649,7.882,8,3.037803,7.883,1,0xcaf00370,0,0,2,8191,8191,2,0,0,0,1,0,31,7,3,0,15,254,15
68655,2025-01-31 01:51:09.560454,6.805000000000001,8,3.044607,6.804,1,0xcaf00370,0,0,2,8191,8191,3,0,0,0,1,0,31,7,3,0,15,254,15
69001,2025-01-31 01:51:09.567574,7.119999999999999,8,3.051728,7.121,1,0xcaf00370,0,0,2,8191,8191,0,0,0,0,1,0,31,7,3,0,15,254,15
69336,2025-01-31 01:51:09.574313,6.739,8,3.058467,6.739,1,0xcaf00370,0,0,2,8191,8191,1,0,0,0,1,0,31,7,3,0,15,254,15
69733,2025-01-31 01:51:09.582605,8.292000000000002,8,3.066759,8.292,1,0xcaf00370,0,0,2,8191,8191,2,0,0,0,1,0,31,7,3,0,15,254,15
70111,2025-01-31 01:51:09.589529,6.9239999999999995,8,3.073682,6.923,1,0xcaf00370,0,0,2,8191,8191,3,0,0,0,1,0,31,7,3,0,15,254,15
70367,2025-01-31 01:51:09.595035,5.505999999999999,8,3.079189,5.507,7,0xcaf00370,0,0,2,8191,8191,1,0,0,0,1,0,31,7,3,0,15,254,15
70499,2025-01-31 01:51:09.597798,2.763,8,3.081952,2.763,1,0xcaf00370,0,0,2,8191,8191,0,0,0,0,1,0,31,7,3,0,15,254,15
70860,2025-01-31 01:51:09.604740,6.942,8,3.088894,6.942,1,0xcaf00370,0,0,2,8191,8191,1,0,0,0,1,0,31,7,3,0,15,254,15
71237,2025-01-31 01:51:09.613115,8.375,8,3.097268,8.374,1,0xcaf00370,0,0,2,8191,8191,2,0,0,0,1,0,31,7,3,0,15,254,15
71640,2025-01-31 01:51:09.619934,6.819000000000001,8,3.104088,6.82,1,0xcaf00370,0,0,2,8191,8191,3,0,0,0,1,0,31,7,3,0,15,254,15
72029,2025-01-31 01:51:09.628227,8.293,8,3.112381,8.293,1,0xcaf00370,0,0,2,8191,8191,0,0,0,0,1,0,31,7,3,0,15,254,15
72396,2025-01-31 01:51:09.635176,6.949000000000001,8,3.119329,6.948,1,0xcaf00370,0,0,2,8191,8191,1,0,0,0,1,0,31,7,3,0,15,254,15
72841,2025-01-31 01:51:09.644901,9.725,8,3.129054,9.725,1,0xcaf00370,0,0,2,8191,8191,2,0,0,0,1,0,31,7,3,0,15,254,15
73167,2025-01-31 01:51:09.651787,6.886,8,3.13594,6.886,1,0xcaf00370,0,0,2,8191,8191,3,0,0,0,1,0,31,7,3,0,15,254,15
73559,2025-01-31 01:51:09.658832,7.045,8,3.142986,7.046,1,0xcaf00370,0,0,2,8191,8191,0,0,0,0,1,0,31,7,3,0,15,254,15
73856,2025-01-31 01:51:09.664795,5.963,8,3.148949,5.963,7,0xcaf00370,0,0,2,8191,8191,2,0,0,0,1,0,31,7,3,0,15,254,15
73902,2025-01-31 01:51:09.665608,0.8130000000000001,8,3.149761,0.812,1,0xcaf00370,0,0,2,8191,8191,1,0,0,0,1,0,31,7,3,0,15,254,15
75024,2025-01-31 01:51:09.694195,28.587,8,3.178348,28.587,1,0xcaf00370,0,0,2,8191,8191,2,0,0,0,1,0,31,7,3,0,15,254,15
75777,2025-01-31 01:51:09.714759,20.564,8,3.198912,20.564,7,0xcaf00370,0,0,2,8191,8191,3,0,0,0,1,0,31,7,3,0,15,254,15
76956,2025-01-31 01:51:09.745669,30.91,8,3.229823,30.911,1,0xcaf00370,0,0,2,8191,8191,3,0,0,0,1,0,31,7,3,0,15,254,15
78020,2025-01-31 01:51:09.774816,29.147,8,3.25897,29.147,7,0xcaf00370,0,0,2,8191,8191,0,0,0,0,1,0,31,7,3,0,15,254,15
79191,2025-01-31 01:51:09.807217,32.400999999999996,8,3.29137,32.4,1,0xcaf00370,0,0,2,8191,8191,0,0,0,0,1,0,31,7,3,0,15,254,15
79779,2025-01-31 01:51:09.824824,17.607000000000003,8,3.308977,17.607,7,0xcaf00370,0,0,2,8191,8191,1,0,0,0,1,0,31,7,3,0,15,254,15
80915,2025-01-31 01:51:09.858087,33.263,8,3.342241,33.264,1,0xcaf00370,0,0,2,8191,8191,1,0,0,0,1,0,31,7,3,0,15,254,15
81795,2025-01-31 01:51:09.885293,27.206,8,3.369446,27.205,7,0xcaf00370,0,0,2,8191,8191,2,0,0,0,1,0,31,7,3,0,15,254,15
82960,2025-01-31 01:51:09.919938,34.645,8,3.404092,34.646,1,0xcaf00370,0,0,2,8191,8191,2,0,0,0,1,0,31,7,3,0,15,254,15
83436,2025-01-31 01:51:09.935053,15.115,8,3.419206,15.114,7,0xcaf00370,0,0,2,8191,8191,3,0,0,0,1,0,31,7,3,0,15,254,15
84666,2025-01-31 01:51:09.971037,35.984,8,3.45519,35.984,1,0xcaf00370,0,0,2,8191,8191,3,0,0,0,1,0,31,7,3,0,15,254,15
85573,2025-01-31 01:51:09.995077,24.04,8,3.479231,24.041,7,0xcaf00370,0,0,2,8191,8191,0,0,0,0,1,0,31,7,3,0,15,254,15
86738,2025-01-31 01:51:10.032276,37.199000000000005,8,3.516429,37.198,1,0xcaf00370,0,0,2,8191,8191,0,0,0,0,1,0,31,7,3,0,15,254,15
87251,2025-01-31 01:51:10.046107,13.831,8,3.530261,13.832,7,0xcaf00370,0,0,2,8191,8191,1,0,0,0,1,0,31,7,3,0,15,254,15
88533,2025-01-31 01:51:10.085175,39.068,8,3.569328,39.067,1,0xcaf00370,0,0,2,8191,8191,1,0,0,0,1,0,31,7,3,0,15,254,15
88857,2025-01-31 01:51:10.095230,10.055,8,3.579383,10.055,7,0xcaf00370,0,0,2,8191,8191,2,0,0,0,1,0,31,7,3,0,15,254,15
90147,2025-01-31 01:51:10.135016,39.786,8,3.61917,39.787,1,0xcaf00370,0,0,2,8191,8191,2,0,0,0,1,0,31,7,3,0,15,254,15
90533,2025-01-31 01:51:10.145932,10.916,8,3.630085,10.915,7,0xcaf00370,0,0,2,8191,8191,3,0,0,0,1,0,31,7,3,0,15,254,15
91897,2025-01-31 01:51:10.186891,40.959,8,3.671044,40.959,1,0xcaf00370,0,0,2,8191,8191,3,0,0,0,1,0,31,7,3,0,15,254,15
92469,2025-01-31 01:51:10.205045,18.154,8,3.689198,18.154,7,0xcaf00370,0,0,2,8191,8191,0,0,0,0,1,0,31,7,3,0,15,254,15
93827,2025-01-31 01:51:10.247448,42.403000000000006,8,3.731602,42.404,1,0xcaf00370,0,0,2,8191,8191,0,0,0,0,1,0,31,7,3,0,15,254,15
94080,2025-01-31 01:51:10.255051,7.603000000000001,8,3.739205,7.603,7,0xcaf00370,0,0,2,8191,8191,1,0,0,0,1,0,31,7,3,0,15,254,15
95548,2025-01-31 01:51:10.298691,43.64,8,3.782845,43.64,1,0xcaf00370,0,0,2,8191,8191,1,0,0,0,1,0,31,7,3,0,15,254,15
96412,2025-01-31 01:51:10.325217,26.526,8,3.80937,26.525,7,0xcaf00370,0,0,2,8191,8191,2,0,0,0,1,0,31,7,3,0,15,254,15
97869,2025-01-31 01:51:10.370327,45.11,8,3.85448,45.11,1,0xcaf00370,0,0,2,8191,8191,2,0,0,0,1,0,31,7,3,0,15,254,15
98023,2025-01-31 01:51:10.375072,4.745,8,3.859225,4.745,7,0xcaf00370,0,0,2,8191,8191,3,0,0,0,1,0,31,7,3,0,15,254,15
99571,2025-01-31 01:51:10.421817,46.745000000000005,8,3.90597,46.745,1,0xcaf00370,0,0,2,8191,8191,3,0,0,0,1,0,31,7,3,0,15,254,15
99696,2025-01-31 01:51:10.425394,3.577,8,3.909547,3.577,7,0xcaf00370,0,0,2,8191,8191,0,0,0,0,1,0,31,7,3,0,15,254,15
101214,2025-01-31 01:51:10.473095,47.701,8,3.957249,47.702,1,0xcaf00370,0,0,2,8191,8191,0,0,0,0,1,0,31,7,3,0,15,254,15
101314,2025-01-31 01:51:10.475189,2.094,8,3.959342,2.093,7,0xcaf00370,0,0,2,8191,8191,1,0,0,0,1,0,31,7,3,0,15,254,15
102907,2025-01-31 01:51:10.524156,48.967,8,4.008309,48.967,1,0xcaf00370,0,0,2,8191,8191,1,0,0,0,1,0,31,7,3,0,15,254,15
103241,2025-01-31 01:51:10.535129,10.973,8,4.019282,10.973,7,0xcaf00370,0,0,2,8191,8191,2,0,0,0,1,0,31,7,3,0,15,254,15
104913,2025-01-31 01:51:10.585616,50.486999999999995,8,4.06977,50.488,7,0xcaf00370,0,0,2,8191,8191,3,0,0,0,1,0,31,7,3,0,15,254,15
104925,2025-01-31 01:51:10.585765,0.149,8,4.069918,0.148,1,0xcaf00370,0,0,2,8191,8191,2,0,0,0,1,0,31,7,3,0,15,254,15
106594,2025-01-31 01:51:10.637332,51.567,8,4.121486,51.568,1,0xcaf00370,0,0,2,8191,8191,3,0,0,0,1,0,31,7,3,0,15,254,15
106868,2025-01-31 01:51:10.645688,8.356,8,4.129841,8.355,7,0xcaf00370,0,0,2,8191,8191,0,0,0,0,1,0,31,7,3,0,15,254,15
108529,2025-01-31 01:51:10.695947,50.259,8,4.180101,50.26,7,0xcaf00370,0,0,2,8191,8191,1,0,0,0,1,0,31,7,3,0,15,254,15
108604,2025-01-31 01:51:10.698358,2.411,8,4.182511,2.41,1,0xcaf00370,0,0,2,8191,8191,0,0,0,0,1,0,31,7,3,0,15,254,15
110210,2025-01-31 01:51:10.745827,47.468999999999994,8,4.229981,47.47,1,0xcaf00370,0,0,2,8191,8191,1,0,0,0,1,0,31,7,3,0,15,254,15
110859,2025-01-31 01:51:10.765276,19.449,8,4.24943,19.449,7,0xcaf00370,0,0,2,8191,8191,2,0,0,0,1,0,31,7,3,0,15,254,15
112313,2025-01-31 01:51:10.811005,45.729,8,4.295158,45.728,1,0xcaf00370,0,0,2,8191,8191,2,0,0,0,1,0,31,7,3,0,15,254,15
112475,2025-01-31 01:51:10.815240,4.235,8,4.299393,4.235,7,0xcaf00370,0,0,2,8191,8191,3,0,0,0,1,0,31,7,3,0,15,254,15
113925,2025-01-31 01:51:10.858307,43.067,8,4.34246,43.067,1,0xcaf00370,0,0,2,8191,8191,3,0,0,0,1,0,31,7,3,0,15,254,15
114198,2025-01-31 01:51:10.865717,7.41,8,4.34987,7.41,7,0xcaf00370,0,0,2,8191,8191,0,0,0,0,1,0,31,7,3,0,15,254,15
115519,2025-01-31 01:51:10.905321,39.604,8,4.389474,39.604,1,0xcaf00370,0,0,2,8191,8191,0,0,0,0,1,0,31,7,3,0,15,254,15
115815,2025-01-31 01:51:10.915305,9.984,8,4.399459,9.985,7,0xcaf00370,0,0,2,8191,8191,1,0,0,0,1,0,31,7,3,0,15,254,15
116966,2025-01-31 01:51:10.952107,36.802,8,4.436261,36.802,1,0xcaf00370,0,0,2,8191,8191,1,0,0,0,1,0,31,7,3,0,15,254,15
117759,2025-01-31 01:51:10.975233,23.126,8,4.459386,23.125,7,0xcaf00370,0,0,2,8191,8191,2,0,0,0,1,0,31,7,3,0,15,254,15
118947,2025-01-31 01:51:11.008426,33.193,8,4.492579,33.193,1,0xcaf00370,0,0,2,8191,8191,2,0,0,0,1,0,31,7,3,0,15,254,15
119522,2025-01-31 01:51:11.025509,17.083000000000002,8,4.509663,17.084,7,0xcaf00370,0,0,2,8191,8191,3,0,0,0,1,0,31,7,3,0,15,254,15
120467,2025-01-31 01:51:11.055532,30.023,8,4.539685,30.022,1,0xcaf00370,0,0,2,8191,8191,3,0,0,0,1,0,31,7,3,0,15,254,15
121475,2025-01-31 01:51:11.085848,30.316,8,4.570001,30.316,7,0xcaf00370,0,0,2,8191,8191,0,0,0,0,1,0,31,7,3,0,15,254,15
122301,2025-01-31 01:51:11.112242,26.394000000000002,8,4.596395,26.394,1,0xcaf00370,0,0,2,8191,8191,0,0,0,0,1,0,31,7,3,0,15,254,15
123047,2025-01-31 01:51:11.135225,22.983,8,4.619379,22.984,7,0xcaf00370,0,0,2,8191,8191,1,0,0,0,1,0,31,7,3,0,15,254,15
123855,2025-01-31 01:51:11.158727,23.502,8,4.642881,23.502,1,0xcaf00370,0,0,2,8191,8191,1,0,0,0,1,0,31,7,3,0,15,254,15
125076,2025-01-31 01:51:11.195300,36.573,8,4.679454,36.573,7,0xcaf00370,0,0,2,8191,8191,2,0,0,0,1,0,31,7,3,0,15,254,15
125705,2025-01-31 01:51:11.215342,20.042,8,4.699495,20.041,1,0xcaf00370,0,0,2,8191,8191,2,0,0,0,1,0,31,7,3,0,15,254,15
126705,2025-01-31 01:51:11.246247,30.904999999999998,8,4.7304,30.905,7,0xcaf00370,0,0,2,8191,8191,3,0,0,0,1,0,31,7,3,0,15,254,15
127247,2025-01-31 01:51:11.262814,16.567,8,4.746968,16.568,1,0xcaf00370,0,0,2,8191,8191,3,0,0,0,1,0,31,7,3,0,15,254,15
128366,2025-01-31 01:51:11.295497,32.683,8,4.77965,32.682,7,0xcaf00370,0,0,2,8191,8191,0,0,0,0,1,0,31,7,3,0,15,254,15
128774,2025-01-31 01:51:11.309361,13.863999999999999,8,4.793514,13.864,1,0xcaf00370,0,0,2,8191,8191,0,0,0,0,1,0,31,7,3,0,15,254,15
129991,2025-01-31 01:51:11.345731,36.37,8,4.829885,36.371,7,0xcaf00370,0,0,2,8191,8191,1,0,0,0,1,0,31,7,3,0,15,254,15
130371,2025-01-31 01:51:11.356454,10.723,8,4.840607,10.722,1,0xcaf00370,0,0,2,8191,8191,1,0,0,0,1,0,31,7,3,0,15,254,15
131968,2025-01-31 01:51:11.405331,48.876999999999995,8,4.889485,48.878,7,0xcaf00370,0,0,2,8191,8191,2,0,0,0,1,0,31,7,3,0,15,254,15
132147,2025-01-31 01:51:11.412580,7.2490000000000006,8,4.896733,7.248,1,0xcaf00370,0,0,2,8191,8191,2,0,0,0,1,0,31,7,3,0,15,254,15
133562,2025-01-31 01:51:11.455392,42.812000000000005,8,4.939545,42.812,7,0xcaf00370,0,0,2,8191,8191,3,0,0,0,1,0,31,7,3,0,15,254,15
133691,2025-01-31 01:51:11.459625,4.233,8,4.943778,4.233,1,0xcaf00370,0,0,2,8191,8191,3,0,0,0,1,0,31,7,3,0,15,254,15
135548,2025-01-31 01:51:11.515427,55.802,8,4.999581,55.803,7,0xcaf00370,0,0,2,8191,8191,0,0,0,0,1,0,31,7,3,0,15,254,15
135588,2025-01-31 01:51:11.516431,1.004,8,5.000584,1.003,1,0xcaf00370,0,0,2,8191,8191,0,0,0,0,1,0,31,7,3,0,15,254,15
137087,2025-01-31 01:51:11.563174,46.743,8,5.047328,46.744,1,0xcaf00370,0,0,2,8191,8191,1,0,0,0,1,0,31,7,3,0,15,254,15
137181,2025-01-31 01:51:11.565603,2.4290000000000003,8,5.049756,2.428,7,0xcaf00370,0,0,2,8191,8191,1,0,0,0,1,0,31,7,3,0,15,254,15
138923,2025-01-31 01:51:11.620210,54.607,8,5.104364,54.608,1,0xcaf00370,0,0,2,8191,8191,2,0,0,0,1,0,31,7,3,0,15,254,15
139147,2025-01-31 01:51:11.626337,6.127,8,5.11049,6.126,7,0xcaf00370,0,0,2,8191,8191,2,0,0,0,1,0,31,7,3,0,15,254,15
140533,2025-01-31 01:51:11.667675,41.338,8,5.151828,41.338,1,0xcaf00370,0,0,2,8191,8191,3,0,0,0,1,0,31,7,3,0,15,254,15
140805,2025-01-31 01:51:11.675732,8.057,8,5.159886,8.058,7,0xcaf00370,0,0,2,8191,8191,3,0,0,0,1,0,31,7,3,0,15,254,15
142450,2025-01-31 01:51:11.726690,50.958000000000006,8,5.210844,50.958,1,0xcaf00370,0,0,2,8191,8191,0,0,0,0,1,0,31,7,3,0,15,254,15
142711,2025-01-31 01:51:11.735377,8.687000000000001,8,5.219531,8.687,7,0xcaf00370,0,0,2,8191,8191,0,0,0,0,1,0,31,7,3,0,15,254,15
144038,2025-01-31 01:51:11.775317,39.940000000000005,8,5.259471,39.94,1,0xcaf00370,0,0,2,8191,8191,1,0,0,0,1,0,31,7,3,0,15,254,15
144420,2025-01-31 01:51:11.785753,10.436,8,5.269906,10.435,7,0xcaf00370,0,0,2,8191,8191,1,0,0,0,1,0,31,7,3,0,15,254,15
145936,2025-01-31 01:51:11.833944,48.190999999999995,8,5.318097,48.191,1,0xcaf00370,0,0,2,8191,8191,2,0,0,0,1,0,31,7,3,0,15,254,15
146346,2025-01-31 01:51:11.845687,11.743,8,5.32984,11.743,7,0xcaf00370,0,0,2,8191,8191,2,0,0,0,1,0,31,7,3,0,15,254,15
147523,2025-01-31 01:51:11.882509,36.822,8,5.366662,36.822,1,0xcaf00370,0,0,2,8191,8191,3,0,0,0,1,0,31,7,3,0,15,254,15
148029,2025-01-31 01:51:11.895720,13.211,8,5.379873,13.211,7,0xcaf00370,0,0,2,8191,8191,3,0,0,0,1,0,31,7,3,0,15,254,15
149414,2025-01-31 01:51:11.941380,45.66,8,5.425534,45.661,1,0xcaf00370,0,0,2,8191,8191,0,0,0,0,1,0,31,7,3,0,15,254,15
149942,2025-01-31 01:51:11.955694,14.314,8,5.439847,14.313,7,0xcaf00370,0,0,2,8191,8191,0,0,0,0,1,0,31,7,3,0,15,254,15
151106,2025-01-31 01:51:11.989831,34.137,8,5.473984,34.137,1,0xcaf00370,0,0,2,8191,8191,1,0,0,0,1,0,31,7,3,0,15,254,15
151625,2025-01-31 01:51:12.005190,15.359,8,5.489344,15.36,7,0xcaf00370,0,0,2,8191,8191,1,0,0,0,1,0,31,7,3,0,15,254,15
152975,2025-01-31 01:51:12.048825,43.635,8,5.532978,43.634,1,0xcaf00370,0,0,2,8191,8191,2,0,0,0,1,0,31,7,3,0,15,254,15
153569,2025-01-31 01:51:12.065601,16.776,8,5.549755,16.777,7,0xcaf00370,0,0,2,8191,8191,2,0,0,0,1,0,31,7,3,0,15,254,15
154719,2025-01-31 01:51:12.101697,36.096000000000004,8,5.58585,36.095,1,0xcaf00370,0,0,2,8191,8191,3,0,0,0,1,0,31,7,3,0,15,254,15
155326,2025-01-31 01:51:12.119672,17.975,8,5.603825,17.975,7,0xcaf00370,0,0,2,8191,8191,3,0,0,0,1,0,31,7,3,0,15,254,15
156867,2025-01-31 01:51:12.165875,46.203,8,5.650029,46.204,1,0xcaf00370,0,0,2,8191,8191,0,0,0,0,1,0,31,7,3,0,15,254,15
157529,2025-01-31 01:51:12.185414,19.539,8,5.669567,19.538,7,0xcaf00370,0,0,2,8191,8191,0,0,0,0,1,0,31,7,3,0,15,254,15
158416,2025-01-31 01:51:12.214383,28.969,8,5.698536,28.969,1,0xcaf00370,0,0,2,8191,8191,1,0,0,0,1,0,31,7,3,0,15,254,15
159123,2025-01-31 01:51:12.235540,21.157,8,5.719693,21.157,7,0xcaf00370,0,0,2,8191,8191,1,0,0,0,1,0,31,7,3,0,15,254,15
160034,2025-01-31 01:51:12.263623,28.083000000000002,8,5.747777,28.084,1,0xcaf00370,0,0,2,8191,8191,2,0,0,0,1,0,31,7,3,0,15,254,15
160789,2025-01-31 01:51:12.285412,21.788999999999998,8,5.769565,21.788,7,0xcaf00370,0,0,2,8191,8191,2,0,0,0,1,0,31,7,3,0,15,254,15
161586,2025-01-31 01:51:12.312485,27.073,8,5.796639,27.074,1,0xcaf00370,0,0,2,8191,8191,3,0,0,0,1,0,31,7,3,0,15,254,15
162435,2025-01-31 01:51:12.335826,23.341,8,5.81998,23.341,7,0xcaf00370,0,0,2,8191,8191,3,0,0,0,1,0,31,7,3,0,15,254,15
163524,2025-01-31 01:51:12.371060,35.234,8,5.855213,35.233,1,0xcaf00370,0,0,2,8191,8191,0,0,0,0,1,0,31,7,3,0,15,254,15
164377,2025-01-31 01:51:12.395052,23.992,8,5.879206,23.993,7,0xcaf00370,0,0,2,8191,8191,0,0,0,0,1,0,31,7,3,0,15,254,15
165128,2025-01-31 01:51:12.420286,25.233999999999998,8,5.904439,25.233,1,0xcaf00370,0,0,2,8191,8191,1,0,0,0,1,0,31,7,3,0,15,254,15
165949,2025-01-31 01:51:12.445402,25.116,8,5.929555,25.116,7,0xcaf00370,0,0,2,8191,8191,1,0,0,0,1,0,31,7,3,0,15,254,15
167037,2025-01-31 01:51:12.478301,32.899,8,5.962455,32.9,1,0xcaf00370,0,0,2,8191,8191,2,0,0,0,1,0,31,7,3,0,15,254,15
167962,2025-01-31 01:51:12.505434,27.133,8,5.989587,27.132,7,0xcaf00370,0,0,2,8191,8191,2,0,0,0,1,0,31,7,3,0,15,254,15
168623,2025-01-31 01:51:12.527269,21.835,8,6.011422,21.835,1,0xcaf00370,0,0,2,8191,8191,3,0,0,0,1,0,31,7,3,0,15,254,15
169589,2025-01-31 01:51:12.556444,29.175,8,6.040597,29.175,7,0xcaf00370,0,0,2,8191,8191,3,0,0,0,1,0,31,7,3,0,15,254,15
170576,2025-01-31 01:51:12.585863,29.419,8,6.070017,29.42,1,0xcaf00370,0,0,2,8191,8191,0,0,0,0,1,0,31,7,3,0,15,254,15
171501,2025-01-31 01:51:12.615595,29.732000000000003,8,6.099749,29.732,7,0xcaf00370,0,0,2,8191,8191,0,0,0,0,1,0,31,7,3,0,15,254,15
172164,2025-01-31 01:51:12.635232,19.637,8,6.119386,19.637,1,0xcaf00370,0,0,2,8191,8191,1,0,0,0,1,0,31,7,3,0,15,254,15
173129,2025-01-31 01:51:12.664767,29.535,8,6.14892,29.534,7,0xcaf00370,0,0,2,8191,8191,1,0,0,0,1,0,31,7,3,0,15,254,15
174085,2025-01-31 01:51:12.694391,29.624000000000002,8,6.178544,29.624,1,0xcaf00370,0,0,2,8191,8191,2,0,0,0,1,0,31,7,3,0,15,254,15
175062,2025-01-31 01:51:12.725056,30.665000000000003,8,6.209209,30.665,7,0xcaf00370,0,0,2,8191,8191,2,0,0,0,1,0,31,7,3,0,15,254,15
175631,2025-01-31 01:51:12.743752,18.696,8,6.227906,18.697,1,0xcaf00370,0,0,2,8191,8191,3,0,0,0,1,0,31,7,3,0,15,254,15
176713,2025-01-31 01:51:12.775567,31.815,8,6.259721,31.815,7,0xcaf00370,0,0,2,8191,8191,3,0,0,0,1,0,31,7,3,0,15,254,15
177602,2025-01-31 01:51:12.803217,27.650000000000002,8,6.287371,27.65,1,0xcaf00370,0,0,2,8191,8191,0,0,0,0,1,0,31,7,3,0,15,254,15
178709,2025-01-31 01:51:12.835734,32.516999999999996,8,6.319888,32.517,7,0xcaf00370,0,0,2,8191,8191,0,0,0,0,1,0,31,7,3,0,15,254,15
179211,2025-01-31 01:51:12.853118,17.384,8,6.337272,17.384,1,0xcaf00370,0,0,2,8191,8191,1,0,0,0,1,0,31,7,3,0,15,254,15
180348,2025-01-31 01:51:12.885374,32.256,8,6.369527,32.255,7,0xcaf00370,0,0,2,8191,8191,1,0,0,0,1,0,31,7,3,0,15,254,15
181465,2025-01-31 01:51:12.922180,36.806,8,6.406334,36.807,1,0xcaf00370,0,0,2,8191,8191,2,0,0,0,1,0,31,7,3,0,15,254,15
182598,2025-01-31 01:51:12.955599,33.419,8,6.439753,33.419,7,0xcaf00370,0,0,2,8191,8191,2,0,0,0,1,0,31,7,3,0,15,254,15
183108,2025-01-31 01:51:12.971566,15.966999999999999,8,6.45572,15.967,1,0xcaf00370,0,0,2,8191,8191,3,0,0,0,1,0,31,7,3,0,15,254,15
184387,2025-01-31 01:51:13.005416,33.85,8,6.489569,33.849,7,0xcaf00370,0,0,2,8191,8191,3,0,0,0,1,0,31,7,3,0,15,254,15
185199,2025-01-31 01:51:13.032994,27.578,8,6.517147,27.578,1,0xcaf00370,0,0,2,8191,8191,0,0,0,0,1,0,31,7,3,0,15,254,15
186364,2025-01-31 01:51:13.066818,33.824,8,6.550972,33.825,7,0xcaf00370,0,0,2,8191,8191,0,0,0,0,1,0,31,7,3,0,15,254,15
186740,2025-01-31 01:51:13.080647,13.828999999999999,8,6.5648,13.828,1,0xcaf00370,0,0,2,8191,8191,1,0,0,0,1,0,31,7,3,0,15,254,15
187922,2025-01-31 01:51:13.115536,34.889,8,6.59969,34.89,7,0xcaf00370,0,0,2,8191,8191,1,0,0,0,1,0,31,7,3,0,15,254,15
188699,2025-01-31 01:51:13.140085,24.549000000000003,8,6.624238,24.548,1,0xcaf00370,0,0,2,8191,8191,2,0,0,0,1,0,31,7,3,0,15,254,15
189867,2025-01-31 01:51:13.175175,35.09,8,6.659329,35.091,7,0xcaf00370,0,0,2,8191,8191,2,0,0,0,1,0,31,7,3,0,15,254,15
190353,2025-01-31 01:51:13.189532,14.357,8,6.673685,14.356,1,0xcaf00370,0,0,2,8191,8191,3,0,0,0,1,0,31,7,3,0,15,254,15
191484,2025-01-31 01:51:13.224929,35.397,8,6.709083,35.398,7,0xcaf00370,0,0,2,8191,8191,3,0,0,0,1,0,31,7,3,0,15,254,15
191944,2025-01-31 01:51:13.239535,14.606,8,6.723688,14.605,1,0xcaf00370,0,0,2,8191,8191,0,0,0,0,1,0,31,7,3,0,15,254,15
193149,2025-01-31 01:51:13.275500,35.964999999999996,8,6.759653,35.965,7,0xcaf00370,0,0,2,8191,8191,0,0,0,0,1,0,31,7,3,0,15,254,15
193613,2025-01-31 01:51:13.289096,13.596,8,6.773249,13.596,1,0xcaf00370,0,0,2,8191,8191,1,0,0,0,1,0,31,7,3,0,15,254,15
194780,2025-01-31 01:51:13.325813,36.717,8,6.809967,36.718,7,0xcaf00370,0,0,2,8191,8191,1,0,0,0,1,0,31,7,3,0,15,254,15
195862,2025-01-31 01:51:13.358043,32.230000000000004,8,6.842197,32.23,1,0xcaf00370,0,0,2,8191,8191,2,0,0,0,1,0,31,7,3,0,15,254,15
197068,2025-01-31 01:51:13.395115,37.072,8,6.879268,37.071,7,0xcaf00370,0,0,2,8191,8191,2,0,0,0,1,0,31,7,3,0,15,254,15
197471,2025-01-31 01:51:13.407634,12.519,8,6.891787,12.519,1,0xcaf00370,0,0,2,8191,8191,3,0,0,0,1,0,31,7,3,0,15,254,15
198653,2025-01-31 01:51:13.445293,37.659,8,6.929446,37.659,7,0xcaf00370,0,0,2,8191,8191,3,0,0,0,1,0,31,7,3,0,15,254,15
199379,2025-01-31 01:51:13.466881,21.588,8,6.951034,21.588,1,0xcaf00370,0,0,2,8191,8191,0,0,0,0,1,0,31,7,3,0,15,254,15
200628,2025-01-31 01:51:13.504997,38.116,8,6.989151,38.117,7,0xcaf00370,0,0,2,8191,8191,0,0,0,0,1,0,31,7,3,0,15,254,15
200979,2025-01-31 01:51:13.516471,11.474,8,7.000624,11.473,1,0xcaf00370,0,0,2,8191,8191,1,0,0,0,1,0,31,7,3,0,15,254,15
202187,2025-01-31 01:51:13.555035,38.564,8,7.039189,38.565,7,0xcaf00370,0,0,2,8191,8191,1,0,0,0,1,0,31,7,3,0,15,254,15
202571,2025-01-31 01:51:13.566228,11.193,8,7.050381,11.192,1,0xcaf00370,0,0,2,8191,8191,2,0,0,0,1,0,31,7,3,0,15,254,15
203854,2025-01-31 01:51:13.605417,39.189,8,7.089571,39.19,7,0xcaf00370,0,0,2,8191,8191,2,0,0,0,1,0,31,7,3,0,15,254,15
204152,2025-01-31 01:51:13.615602,10.184999999999999,8,7.099755,10.184,1,0xcaf00370,0,0,2,8191,8191,3,0,0,0,1,0,31,7,3,0,15,254,15
205443,2025-01-31 01:51:13.655021,39.419000000000004,8,7.139175,39.42,7,0xcaf00370,0,0,2,8191,8191,3,0,0,0,1,0,31,7,3,0,15,254,15
206526,2025-01-31 01:51:13.685988,30.967000000000002,8,7.170141,30.966,1,0xcaf00370,0,0,2,8191,8191,0,0,0,0,1,0,31,7,3,0,15,254,15
207812,2025-01-31 01:51:13.725753,39.765,8,7.209907,39.766,7,0xcaf00370,0,0,2,8191,8191,0,0,0,0,1,0,31,7,3,0,15,254,15
208121,2025-01-31 01:51:13.735127,9.374,8,7.219281,9.374,1,0xcaf00370,0,0,2,8191,8191,1,0,0,0,1,0,31,7,3,0,15,254,15
209443,2025-01-31 01:51:13.775048,39.921,8,7.259201,39.92,7,0xcaf00370,0,0,2,8191,8191,1,0,0,0,1,0,31,7,3,0,15,254,15
210141,2025-01-31 01:51:13.794929,19.881,8,7.279083,19.882,1,0xcaf00370,0,0,2,8191,8191,2,0,0,0,1,0,31,7,3,0,15,254,15
211452,2025-01-31 01:51:13.835013,40.084,8,7.319166,40.083,7,0xcaf00370,0,0,2,8191,8191,2,0,0,0,1,0,31,7,3,0,15,254,15
211752,2025-01-31 01:51:13.844874,9.861,8,7.329027,9.861,1,0xcaf00370,0,0,2,8191,8191,3,0,0,0,1,0,31,7,3,0,15,254,15
213108,2025-01-31 01:51:13.885412,40.538,8,7.369565,40.538,7,0xcaf00370,0,0,2,8191,8191,3,0,0,0,1,0,31,7,3,0,15,254,15
214013,2025-01-31 01:51:13.914449,29.037,8,7.398602,29.037,1,0xcaf00370,0,0,2,8191,8191,0,0,0,0,1,0,31,7,3,0,15,254,15
215328,2025-01-31 01:51:13.955005,40.556000000000004,8,7.439159,40.557,7,0xcaf00370,0,0,2,8191,8191,0,0,0,0,1,0,31,7,3,0,15,254,15
215627,2025-01-31 01:51:13.964200,9.195,8,7.448353,9.194,1,0xcaf00370,0,0,2,8191,8191,1,0,0,0,1,0,31,7,3,0,15,254,15
217031,2025-01-31 01:51:14.005113,40.913,8,7.489266,40.913,7,0xcaf00370,0,0,2,8191,8191,1,0,0,0,1,0,31,7,3,0,15,254,15
217613,2025-01-31 01:51:14.022850,17.737,8,7.507003,17.737,1,0xcaf00370,0,0,2,8191,8191,2,0,0,0,1,0,31,7,3,0,15,254,15
218948,2025-01-31 01:51:14.064575,41.725,8,7.548729,41.726,7,0xcaf00370,0,0,2,8191,8191,2,0,0,0,1,0,31,7,3,0,15,254,15
219198,2025-01-31 01:51:14.072829,8.254,8,7.556983,8.254,1,0xcaf00370,0,0,2,8191,8191,3,0,0,0,1,0,31,7,3,0,15,254,15
220584,2025-01-31 01:51:14.114600,41.771,8,7.598754,41.771,7,0xcaf00370,0,0,2,8191,8191,3,0,0,0,1,0,31,7,3,0,15,254,15
221301,2025-01-31 01:51:14.135854,21.253999999999998,8,7.620008,21.254,1,0xcaf00370,0,0,2,8191,8191,0,0,0,0,1,0,31,7,3,0,15,254,15
222665,2025-01-31 01:51:14.177587,41.733,8,7.66174,41.732,7,0xcaf00370,0,0,2,8191,8191,0,0,0,0,1,0,31,7,3,0,15,254,15
222828,2025-01-31 01:51:14.182185,4.598,8,7.666338,4.598,1,0xcaf00370,0,0,2,8191,8191,1,0,0,0,1,0,31,7,3,0,15,254,15
224197,2025-01-31 01:51:14.224558,42.373,8,7.708711,42.373,7,0xcaf00370,0,0,2,8191,8191,1,0,0,0,1,0,31,7,3,0,15,254,15
224740,2025-01-31 01:51:14.242200,17.642000000000003,8,7.726353,17.642,1,0xcaf00370,0,0,2,8191,8191,2,0,0,0,1,0,31,7,3,0,15,254,15
226159,2025-01-31 01:51:14.284139,41.939,8,7.768293,41.94,7,0xcaf00370,0,0,2,8191,8191,2,0,0,0,1,0,31,7,3,0,15,254,15
226396,2025-01-31 01:51:14.291806,7.667,8,7.775959,7.666,1,0xcaf00370,0,0,2,8191,8191,3,0,0,0,1,0,31,7,3,0,15,254,15
227777,2025-01-31 01:51:14.334575,42.769,8,7.818729,42.77,7,0xcaf00370,0,0,2,8191,8191,3,0,0,0,1,0,31,7,3,0,15,254,15
228327,2025-01-31 01:51:14.351599,17.024,8,7.835752,17.023,1,0xcaf00370,0,0,2,8191,8191,0,0,0,0,1,0,31,7,3,0,15,254,15
229758,2025-01-31 01:51:14.394584,42.985,8,7.878737,42.985,7,0xcaf00370,0,0,2,8191,8191,0,0,0,0,1,0,31,7,3,0,15,254,15
229987,2025-01-31 01:51:14.401582,6.998,8,7.885736,6.999,1,0xcaf00370,0,0,2,8191,8191,1,0,0,0,1,0,31,7,3,0,15,254,15
231307,2025-01-31 01:51:14.444130,42.548,8,7.928284,42.548,7,0xcaf00370,0,0,2,8191,8191,1,0,0,0,1,0,31,7,3,0,15,254,15
231906,2025-01-31 01:51:14.462401,18.271,8,7.946554,18.27,1,0xcaf00370,0,0,2,8191,8191,2,0,0,0,1,0,31,7,3,0,15,254,15
233344,2025-01-31 01:51:14.504931,42.53,8,7.989084,42.53,7,0xcaf00370,0,0,2,8191,8191,2,0,0,0,1,0,31,7,3,0,15,254,15
233528,2025-01-31 01:51:14.512246,7.315,8,7.9964,7.316,1,0xcaf00370,0,0,2,8191,8191,3,0,0,0,1,0,31,7,3,0,15,254,15
234928,2025-01-31 01:51:14.554960,42.714,8,8.039113,42.713,7,0xcaf00370,0,0,2,8191,8191,3,0,0,0,1,0,31,7,3,0,15,254,15
235457,2025-01-31 01:51:14.572042,17.082,8,8.056196,17.083,1,0xcaf00370,0,0,2,8191,8191,0,0,0,0,1,0,31,7,3,0,15,254,15
236896,2025-01-31 01:51:14.614963,42.921,8,8.099116,42.92,7,0xcaf00370,0,0,2,8191,8191,0,0,0,0,1,0,31,7,3,0,15,254,15
237119,2025-01-31 01:51:14.621855,6.8919999999999995,8,8.106009,6.893,1,0xcaf00370,0,0,2,8191,8191,1,0,0,0,1,0,31,7,3,0,15,254,15
238545,2025-01-31 01:51:14.664864,43.009,8,8.149018,43.009,7,0xcaf00370,0,0,2,8191,8191,1,0,0,0,1,0,31,7,3,0,15,254,15
238740,2025-01-31 01:51:14.672187,7.3229999999999995,8,8.15634,7.322,1,0xcaf00370,0,0,2,8191,8191,2,0,0,0,1,0,31,7,3,0,15,254,15
240196,2025-01-31 01:51:14.715194,43.007,8,8.199348,43.008,7,0xcaf00370,0,0,2,8191,8191,2,0,0,0,1,0,31,7,3,0,15,254,15
240405,2025-01-31 01:51:14.721832,6.638,8,8.205985,6.637,1,0xcaf00370,0,0,2,8191,8191,3,0,0,0,1,0,31,7,3,0,15,254,15
241817,2025-01-31 01:51:14.764877,43.045,8,8.24903,43.045,7,0xcaf00370,0,0,2,8191,8191,3,0,0,0,1,0,31,7,3,0,15,254,15
242717,2025-01-31 01:51:14.791733,26.856,8,8.275886,26.856,1,0xcaf00370,0,0,2,8191,8191,0,0,0,0,1,0,31,7,3,0,15,254,15
244121,2025-01-31 01:51:14.834944,43.211,8,8.319098,43.212,7,0xcaf00370,0,0,2,8191,8191,0,0,0,0,1,0,31,7,3,0,15,254,15
244328,2025-01-31 01:51:14.841978,7.034000000000001,8,8.326132,7.034,1,0xcaf00370,0,0,2,8191,8191,1,0,0,0,1,0,31,7,3,0,15,254,15
245808,2025-01-31 01:51:14.885657,43.679,8,8.369811,43.679,7,0xcaf00370,0,0,2,8191,8191,1,0,0,0,1,0,31,7,3,0,15,254,15
245991,2025-01-31 01:51:14.891648,5.991,8,8.375802,5.991,1,0xcaf00370,0,0,2,8191,8191,2,0,0,0,1,0,31,7,3,0,15,254,15
247383,2025-01-31 01:51:14.934960,43.312000000000005,8,8.419114,43.312,7,0xcaf00370,0,0,2,8191,8191,2,0,0,0,1,0,31,7,3,0,15,254,15
247675,2025-01-31 01:51:14.944188,9.228,8,8.428342,9.228,1,0xcaf00370,0,0,2,8191,8191,3,0,0,0,1,0,31,7,3,0,15,254,15
249195,2025-01-31 01:51:14.987573,43.385,8,8.471726,43.384,7,0xcaf00370,0,0,2,8191,8191,3,0,0,0,1,0,31,7,3,0,15,254,15
249647,2025-01-31 01:51:15.001548,13.975,8,8.485702,13.976,1,0xcaf00370,0,0,2,8191,8191,0,0,0,0,1,0,31,7,3,0,15,254,15
251014,2025-01-31 01:51:15.044979,43.431,8,8.529133,43.431,7,0xcaf00370,0,0,2,8191,8191,0,0,0,0,1,0,31,7,3,0,15,254,15
251207,2025-01-31 01:51:15.051619,6.64,8,8.535773,6.64,1,0xcaf00370,0,0,2,8191,8191,1,0,0,0,1,0,31,7,3,0,15,254,15
252644,2025-01-31 01:51:15.094882,43.263000000000005,8,8.579036,43.263,7,0xcaf00370,0,0,2,8191,8191,1,0,0,0,1,0,31,7,3,0,15,254,15
253148,2025-01-31 01:51:15.111493,16.611,8,8.595647,16.611,1,0xcaf00370,0,0,2,8191,8191,2,0,0,0,1,0,31,7,3,0,15,254,15
254589,2025-01-31 01:51:15.154967,43.474,8,8.63912,43.473,7,0xcaf00370,0,0,2,8191,8191,2,0,0,0,1,0,31,7,3,0,15,254,15
254796,2025-01-31 01:51:15.161391,6.424,8,8.645544,6.424,1,0xcaf00370,0,0,2,8191,8191,3,0,0,0,1,0,31,7,3,0,15,254,15
256242,2025-01-31 01:51:15.204907,43.516,8,8.689061,43.517,7,0xcaf00370,0,0,2,8191,8191,3,0,0,0,1,0,31,7,3,0,15,254,15
256764,2025-01-31 01:51:15.221406,16.499,8,8.70556,16.499,1,0xcaf00370,0,0,2,8191,8191,0,0,0,0,1,0,31,7,3,0,15,254,15
258165,2025-01-31 01:51:15.265037,43.631,8,8.749191,43.631,7,0xcaf00370,0,0,2,8191,8191,0,0,0,0,1,0,31,7,3,0,15,254,15
258344,2025-01-31 01:51:15.271314,6.276999999999999,8,8.755468,6.277,1,0xcaf00370,0,0,2,8191,8191,1,0,0,0,1,0,31,7,3,0,15,254,15
259802,2025-01-31 01:51:15.314964,43.65,8,8.799117,43.649,7,0xcaf00370,0,0,2,8191,8191,1,0,0,0,1,0,31,7,3,0,15,254,15
260651,2025-01-31 01:51:15.341586,26.622,8,8.825739,26.622,1,0xcaf00370,0,0,2,8191,8191,2,0,0,0,1,0,31,7,3,0,15,254,15
262131,2025-01-31 01:51:15.385501,43.915,8,8.869654,43.915,7,0xcaf00370,0,0,2,8191,8191,2,0,0,0,1,0,31,7,3,0,15,254,15
262316,2025-01-31 01:51:15.391234,5.7330000000000005,8,8.875387,5.733,1,0xcaf00370,0,0,2,8191,8191,3,0,0,0,1,0,31,7,3,0,15,254,15
263706,2025-01-31 01:51:15.434958,43.724,8,8.919111,43.724,7,0xcaf00370,0,0,2,8191,8191,3,0,0,0,1,0,31,7,3,0,15,254,15
264205,2025-01-31 01:51:15.451178,16.22,8,8.935331,16.22,1,0xcaf00370,0,0,2,8191,8191,0,0,0,0,1,0,31,7,3,0,15,254,15
265675,2025-01-31 01:51:15.494954,43.776,8,8.979107,43.776,7,0xcaf00370,0,0,2,8191,8191,0,0,0,0,1,0,31,7,3,0,15,254,15
265888,2025-01-31 01:51:15.501301,6.347,8,8.985454,6.347,1,0xcaf00370,0,0,2,8191,8191,1,0,0,0,1,0,31,7,3,0,15,254,15
267285,2025-01-31 01:51:15.545204,43.903,8,9.029357,43.903,7,0xcaf00370,0,0,2,8191,8191,1,0,0,0,1,0,31,7,3,0,15,254,15
267794,2025-01-31 01:51:15.561057,15.853,8,9.045211,15.854,1,0xcaf00370,0,0,2,8191,8191,2,0,0,0,1,0,31,7,3,0,15,254,15
269256,2025-01-31 01:51:15.604932,43.875,8,9.089085,43.874,7,0xcaf00370,0,0,2,8191,8191,2,0,0,0,1,0,31,7,3,0,15,254,15
269409,2025-01-31 01:51:15.610717,5.785,8,9.09487,5.785,1,0xcaf00370,0,0,2,8191,8191,3,0,0,0,1,0,31,7,3,0,15,254,15
270864,2025-01-31 01:51:15.654953,44.236,8,9.139106,44.236,7,0xcaf00370,0,0,2,8191,8191,3,0,0,0,1,0,31,7,3,0,15,254,15
271017,2025-01-31 01:51:15.659632,4.679,8,9.143785,4.679,1,0xcaf00370,0,0,2,8191,8191,0,0,0,0,1,0,31,7,3,0,15,254,15
272554,2025-01-31 01:51:15.705430,45.798,8,9.189584,45.799,7,0xcaf00370,0,0,2,8191,8191,0,0,0,0,1,0,31,7,3,0,15,254,15
272626,2025-01-31 01:51:15.707869,2.439,8,9.192022,2.438,1,0xcaf00370,0,0,2,8191,8191,1,0,0,0,1,0,31,7,3,0,15,254,15
274144,2025-01-31 01:51:15.755196,47.327,8,9.239349,47.327,7,0xcaf00370,0,0,2,8191,8191,1,0,0,0,1,0,31,7,3,0,15,254,15
274504,2025-01-31 01:51:15.766078,10.882,8,9.250231,10.882,1,0xcaf00370,0,0,2,8191,8191,2,0,0,0,1,0,31,7,3,0,15,254,15
276114,2025-01-31 01:51:15.814827,48.749,8,9.298981,48.75,1,0xcaf00370,0,0,2,8191,8191,3,0,0,0,1,0,31,7,3,0,15,254,15
276129,2025-01-31 01:51:15.815226,0.399,8,9.29938,0.399,7,0xcaf00370,0,0,2,8191,8191,2,0,0,0,1,0,31,7,3,0,15,254,15
277801,2025-01-31 01:51:15.865650,50.424,8,9.349804,50.424,7,0xcaf00370,0,0,2,8191,8191,3,0,0,0,1,0,31,7,3,0,15,254,15
278282,2025-01-31 01:51:15.881940,16.29,8,9.366093,16.289,1,0xcaf00370,0,0,2,8191,8191,0,0,0,0,1,0,31,7,3,0,15,254,15
279867,2025-01-31 01:51:15.930508,48.568,8,9.414662,48.569,1,0xcaf00370,0,0,2,8191,8191,1,0,0,0,1,0,31,7,3,0,15,254,15
280065,2025-01-31 01:51:15.934935,4.4270000000000005,8,9.419088,4.426,7,0xcaf00370,0,0,2,8191,8191,0,0,0,0,1,0,31,7,3,0,15,254,15
281466,2025-01-31 01:51:15.979080,44.144999999999996,8,9.463233,44.145,1,0xcaf00370,0,0,2,8191,8191,2,0,0,0,1,0,31,7,3,0,15,254,15
281743,2025-01-31 01:51:15.985049,5.969,8,9.469203,5.97,7,0xcaf00370,0,0,2,8191,8191,1,0,0,0,1,0,31,7,3,0,15,254,15
283162,2025-01-31 01:51:16.027724,42.675,8,9.511878,42.675,1,0xcaf00370,0,0,2,8191,8191,3,0,0,0,1,0,31,7,3,0,15,254,15
283455,2025-01-31 01:51:16.035215,7.4910000000000005,8,9.519369,7.491,7,0xcaf00370,0,0,2,8191,8191,2,0,0,0,1,0,31,7,3,0,15,254,15
285098,2025-01-31 01:51:16.085594,50.379,8,9.569747,50.378,7,0xcaf00370,0,0,2,8191,8191,3,0,0,0,1,0,31,7,3,0,15,254,15
285107,2025-01-31 01:51:16.085784,0.19,8,9.569937,0.19,1,0xcaf00370,0,0,2,8191,8191,0,0,0,0,1,0,31,7,3,0,15,254,15
286785,2025-01-31 01:51:16.136646,50.861999999999995,8,9.6208,50.863,1,0xcaf00370,0,0,2,8191,8191,1,0,0,0,1,0,31,7,3,0,15,254,15
287080,2025-01-31 01:51:16.145622,8.975999999999999,8,9.629776,8.976,7,0xcaf00370,0,0,2,8191,8191,0,0,0,0,1,0,31,7,3,0,15,254,15
288587,2025-01-31 01:51:16.191926,46.303999999999995,8,9.67608,46.304,1,0xcaf00370,0,0,2,8191,8191,2,0,0,0,1,0,31,7,3,0,15,254,15
288820,2025-01-31 01:51:16.197875,5.949000000000001,8,9.682029,5.949,7,0xcaf00370,0,0,2,8191,8191,1,0,0,0,1,0,31,7,3,0,15,254,15
290160,2025-01-31 01:51:16.240274,42.399,8,9.724428,42.399,1,0xcaf00370,0,0,2,8191,8191,3,0,0,0,1,0,31,7,3,0,15,254,15
290654,2025-01-31 01:51:16.254944,14.67,8,9.739097,14.669,7,0xcaf00370,0,0,2,8191,8191,2,0,0,0,1,0,31,7,3,0,15,254,15
292115,2025-01-31 01:51:16.298712,43.768,8,9.782865,43.768,1,0xcaf00370,0,0,2,8191,8191,0,0,0,0,1,0,31,7,3,0,15,254,15
292355,2025-01-31 01:51:16.305005,6.293,8,9.789158,6.293,7,0xcaf00370,0,0,2,8191,8191,3,0,0,0,1,0,31,7,3,0,15,254,15
293713,2025-01-31 01:51:16.347067,42.062000000000005,8,9.831221,42.063,1,0xcaf00370,0,0,2,8191,8191,1,0,0,0,1,0,31,7,3,0,15,254,15
294277,2025-01-31 01:51:16.365182,18.115,8,9.849336,18.115,7,0xcaf00370,0,0,2,8191,8191,0,0,0,0,1,0,31,7,3,0,15,254,15
295884,2025-01-31 01:51:16.414802,49.62,8,9.898956,49.62,1,0xcaf00370,0,0,2,8191,8191,2,0,0,0,1,0,31,7,3,0,15,254,15
295898,2025-01-31 01:51:16.415060,0.258,8,9.899213,0.257,7,0xcaf00370,0,0,2,8191,8191,1,0,0,0,1,0,31,7,3,0,15,254,15
297436,2025-01-31 01:51:16.463177,48.117,8,9.947331,48.118,1,0xcaf00370,0,0,2,8191,8191,3,0,0,0,1,0,31,7,3,0,15,254,15
298173,2025-01-31 01:51:16.485073,21.895999999999997,8,9.969226,21.895,7,0xcaf00370,0,0,2,8191,8191,2,0,0,0,1,0,31,7,3,0,15,254,15
299057,2025-01-31 01:51:16.512450,27.377,8,9.996604,27.378,1,0xcaf00370,0,0,2,8191,8191,0,0,0,0,1,0,31,7,3,0,15,254,15
299787,2025-01-31 01:51:16.534883,22.433,8,10.019036,22.432,7,0xcaf00370,0,0,2,8191,8191,3,0,0,0,1,0,31,7,3,0,15,254,15
300595,2025-01-31 01:51:16.560038,25.155,8,10.044192,25.156,1,0xcaf00370,0,0,2,8191,8191,1,0,0,0,1,0,31,7,3,0,15,254,15
301467,2025-01-31 01:51:16.585783,25.745,8,10.069936,25.744,7,0xcaf00370,0,0,2,8191,8191,0,0,0,0,1,0,31,7,3,0,15,254,15
302685,2025-01-31 01:51:16.623623,37.839999999999996,8,10.107777,37.841,1,0xcaf00370,0,0,2,8191,8191,2,0,0,0,1,0,31,7,3,0,15,254,15
303054,2025-01-31 01:51:16.634835,11.212,8,10.118989,11.212,7,0xcaf00370,0,0,2,8191,8191,1,0,0,0,1,0,31,7,3,0,15,254,15
304419,2025-01-31 01:51:16.677140,42.305,8,10.161294,42.305,1,0xcaf00370,0,0,2,8191,8191,3,0,0,0,1,0,31,7,3,0,15,254,15
305002,2025-01-31 01:51:16.694892,17.752,8,10.179046,17.752,7,0xcaf00370,0,0,2,8191,8191,2,0,0,0,1,0,31,7,3,0,15,254,15
306548,2025-01-31 01:51:16.741646,46.754,8,10.225799,46.753,1,0xcaf00370,0,0,2,8191,8191,0,0,0,0,1,0,31,7,3,0,15,254,15
306683,2025-01-31 01:51:16.744939,3.2929999999999997,8,10.229092,3.293,7,0xcaf00370,0,0,2,8191,8191,3,0,0,0,1,0,31,7,3,0,15,254,15
308312,2025-01-31 01:51:16.795572,50.632999999999996,8,10.279726,50.634,1,0xcaf00370,0,0,2,8191,8191,1,0,0,0,1,0,31,7,3,0,15,254,15
308647,2025-01-31 01:51:16.805035,9.463,8,10.289189,9.463,7,0xcaf00370,0,0,2,8191,8191,0,0,0,0,1,0,31,7,3,0,15,254,15
310244,2025-01-31 01:51:16.854835,49.8,8,10.338989,49.8,7,0xcaf00370,0,0,2,8191,8191,1,0,0,0,1,0,31,7,3,0,15,254,15
310386,2025-01-31 01:51:16.860102,5.267,8,10.344256,5.267,1,0xcaf00370,0,0,2,8191,8191,2,0,0,0,1,0,31,7,3,0,15,254,15
312152,2025-01-31 01:51:16.913946,53.844,8,10.3981,53.844,1,0xcaf00370,0,0,2,8191,8191,3,0,0,0,1,0,31,7,3,0,15,254,15
312202,2025-01-31 01:51:16.915003,1.057,8,10.399157,1.057,7,0xcaf00370,0,0,2,8191,8191,2,0,0,0,1,0,31,7,3,0,15,254,15
313794,2025-01-31 01:51:16.965138,50.135,8,10.449292,50.135,7,0xcaf00370,0,0,2,8191,8191,3,0,0,0,1,0,31,7,3,0,15,254,15
314176,2025-01-31 01:51:16.978155,13.017000000000001,8,10.462309,13.017,1,0xcaf00370,0,0,2,8191,8191,0,0,0,0,1,0,31,7,3,0,15,254,15
315745,2025-01-31 01:51:17.024840,46.684999999999995,8,10.508993,46.684,7,0xcaf00370,0,0,2,8191,8191,0,0,0,0,1,0,31,7,3,0,15,254,15
315906,2025-01-31 01:51:17.031933,7.093,8,10.516087,7.094,1,0xcaf00370,0,0,2,8191,8191,1,0,0,0,1,0,31,7,3,0,15,254,15
317357,2025-01-31 01:51:17.074849,42.916000000000004,8,10.559002,42.915,7,0xcaf00370,0,0,2,8191,8191,1,0,0,0,1,0,31,7,3,0,15,254,15
318449,2025-01-31 01:51:17.107827,32.978,8,10.591981,32.979,1,0xcaf00370,0,0,2,8191,8191,2,0,0,0,1,0,31,7,3,0,15,254,15
319645,2025-01-31 01:51:17.145794,37.967,8,10.629948,37.967,7,0xcaf00370,0,0,2,8191,8191,2,0,0,0,1,0,31,7,3,0,15,254,15
320085,2025-01-31 01:51:17.159959,14.165000000000001,8,10.644113,14.165,1,0xcaf00370,0,0,2,8191,8191,3,0,0,0,1,0,31,7,3,0,15,254,15
321220,2025-01-31 01:51:17.194698,34.739,8,10.678851,34.738,7,0xcaf00370,0,0,2,8191,8191,3,0,0,0,1,0,31,7,3,0,15,254,15
322572,2025-01-31 01:51:17.236274,41.576,8,10.720427,41.576,1,0xcaf00370,0,0,2,8191,8191,0,0,0,0,1,0,31,7,3,0,15,254,15
323457,2025-01-31 01:51:17.264821,28.547,8,10.748974,28.547,7,0xcaf00370,0,0,2,8191,8191,0,0,0,0,1,0,31,7,3,0,15,254,15
324271,2025-01-31 01:51:17.290249,25.428,8,10.774402,25.428,1,0xcaf00370,0,0,2,8191,8191,1,0,0,0,1,0,31,7,3,0,15,254,15
325086,2025-01-31 01:51:17.315060,24.811,8,10.799214,24.812,7,0xcaf00370,0,0,2,8191,8191,1,0,0,0,1,0,31,7,3,0,15,254,15
326025,2025-01-31 01:51:17.344387,29.326999999999998,8,10.82854,29.326,1,0xcaf00370,0,0,2,8191,8191,2,0,0,0,1,0,31,7,3,0,15,254,15
326706,2025-01-31 01:51:17.365423,21.035999999999998,8,10.849577,21.037,7,0xcaf00370,0,0,2,8191,8191,2,0,0,0,1,0,31,7,3,0,15,254,15
327773,2025-01-31 01:51:17.398045,32.622,8,10.882198,32.621,1,0xcaf00370,0,0,2,8191,8191,3,0,0,0,1,0,31,7,3,0,15,254,15
328299,2025-01-31 01:51:17.415272,17.227,8,10.899425,17.227,7,0xcaf00370,0,0,2,8191,8191,3,0,0,0,1,0,31,7,3,0,15,254,15
329777,2025-01-31 01:51:17.462421,47.149,8,10.946574,47.149,1,0xcaf00370,0,0,2,8191,8191,0,0,0,0,1,0,31,7,3,0,15,254,15
330194,2025-01-31 01:51:17.475189,12.768,8,10.959343,12.769,7,0xcaf00370,0,0,2,8191,8191,0,0,0,0,1,0,31,7,3,0,15,254,15
331479,2025-01-31 01:51:17.514841,39.652,8,10.998995,39.652,1,0xcaf00370,0,0,2,8191,8191,1,0,0,0,1,0,31,7,3,0,15,254,15
331783,2025-01-31 01:51:17.524738,9.897,8,11.008892,9.897,7,0xcaf00370,0,0,2,8191,8191,1,0,0,0,1,0,31,7,3,0,15,254,15
333532,2025-01-31 01:51:17.580890,56.152,8,11.065044,56.152,1,0xcaf00370,0,0,2,8191,8191,2,0,0,0,1,0,31,7,3,0,15,254,15
333758,2025-01-31 01:51:17.585899,5.009,8,11.070052,5.008,7,0xcaf00370,0,0,2,8191,8191,2,0,0,0,1,0,31,7,3,0,15,254,15
335313,2025-01-31 01:51:17.634981,49.082,8,11.119135,49.083,1,0xcaf00370,0,0,2,8191,8191,3,0,0,0,1,0,31,7,3,0,15,254,15
335360,2025-01-31 01:51:17.636101,1.1199999999999999,8,11.120255,1.12,7,0xcaf00370,0,0,2,8191,8191,3,0,0,0,1,0,31,7,3,0,15,254,15
337243,2025-01-31 01:51:17.694936,58.835,8,11.17909,58.835,1,0xcaf00370,0,0,2,8191,8191,0,0,0,0,1,0,31,7,3,0,15,254,15
337253,2025-01-31 01:51:17.695085,0.149,8,11.179239,0.149,7,0xcaf00370,0,0,2,8191,8191,0,0,0,0,1,0,31,7,3,0,15,254,15
338887,2025-01-31 01:51:17.745433,50.348,8,11.229587,50.348,1,0xcaf00370,0,0,2,8191,8191,1,0,0,0,1,0,31,7,3,0,15,254,15
338893,2025-01-31 01:51:17.745558,0.125,8,11.229711,0.124,7,0xcaf00370,0,0,2,8191,8191,1,0,0,0,1,0,31,7,3,0,15,254,15
340493,2025-01-31 01:51:17.794843,49.285000000000004,8,11.278996,49.285,7,0xcaf00370,0,0,2,8191,8191,2,0,0,0,1,0,31,7,3,0,15,254,15
340521,2025-01-31 01:51:17.795312,0.46900000000000003,8,11.279466,0.47,1,0xcaf00370,0,0,2,8191,8191,2,0,0,0,1,0,31,7,3,0,15,254,15
342160,2025-01-31 01:51:17.845658,50.346000000000004,8,11.329812,50.346,1,0xcaf00370,0,0,2,8191,8191,3,0,0,0,1,0,31,7,3,0,15,254,15
342161,2025-01-31 01:51:17.845672,0.014,8,11.329825,0.013,7,0xcaf00370,0,0,2,8191,8191,3,0,0,0,1,0,31,7,3,0,15,254,15
344093,2025-01-31 01:51:17.904998,59.32599999999999,8,11.389152,59.327,1,0xcaf00370,0,0,2,8191,8191,0,0,0,0,1,0,31,7,3,0,15,254,15
344105,2025-01-31 01:51:17.905192,0.194,8,11.389345,0.193,7,0xcaf00370,0,0,2,8191,8191,0,0,0,0,1,0,31,7,3,0,15,254,15
345663,2025-01-31 01:51:17.954818,49.626000000000005,8,11.438971,49.626,1,0xcaf00370,0,0,2,8191,8191,1,0,0,0,1,0,31,7,3,0,15,254,15
345668,2025-01-31 01:51:17.954935,0.11699999999999999,8,11.439088,0.117,7,0xcaf00370,0,0,2,8191,8191,1,0,0,0,1,0,31,7,3,0,15,254,15
347689,2025-01-31 01:51:18.015133,60.198,8,11.499287,60.199,1,0xcaf00370,0,0,2,8191,8191,2,0,0,0,1,0,31,7,3,0,15,254,15
347721,2025-01-31 01:51:18.015629,0.496,8,11.499782,0.495,7,0xcaf00370,0,0,2,8191,8191,2,0,0,0,1,0,31,7,3,0,15,254,15
349275,2025-01-31 01:51:18.064844,49.215,8,11.548998,49.216,7,0xcaf00370,0,0,2,8191,8191,3,0,0,0,1,0,31,7,3,0,15,254,15
349295,2025-01-31 01:51:18.065156,0.312,8,11.54931,0.312,1,0xcaf00370,0,0,2,8191,8191,3,0,0,0,1,0,31,7,3,0,15,254,15
351272,2025-01-31 01:51:18.125201,60.045,8,11.609354,60.044,1,0xcaf00370,0,0,2,8191,8191,0,0,0,0,1,0,31,7,3,0,15,254,15
351283,2025-01-31 01:51:18.125377,0.176,8,11.60953,0.176,7,0xcaf00370,0,0,2,8191,8191,0,0,0,0,1,0,31,7,3,0,15,254,15
352863,2025-01-31 01:51:18.174969,49.592,8,11.659123,49.593,7,0xcaf00370,0,0,2,8191,8191,1,0,0,0,1,0,31,7,3,0,15,254,15
352864,2025-01-31 01:51:18.175000,0.031,8,11.659154,0.031,1,0xcaf00370,0,0,2,8191,8191,1,0,0,0,1,0,31,7,3,0,15,254,15
354828,2025-01-31 01:51:18.235139,60.138999999999996,8,11.719293,60.139,7,0xcaf00370,0,0,2,8191,8191,2,0,0,0,1,0,31,7,3,0,15,254,15
354835,2025-01-31 01:51:18.235229,0.09000000000000001,8,11.719382,0.089,1,0xcaf00370,0,0,2,8191,8191,2,0,0,0,1,0,31,7,3,0,15,254,15
356489,2025-01-31 01:51:18.285501,50.272,8,11.769654,50.272,7,0xcaf00370,0,0,2,8191,8191,3,0,0,0,1,0,31,7,3,0,15,254,15
356492,2025-01-31 01:51:18.285576,0.075,8,11.769729,0.075,1,0xcaf00370,0,0,2,8191,8191,3,0,0,0,1,0,31,7,3,0,15,254,15
358463,2025-01-31 01:51:18.345629,60.053000000000004,8,11.829782,60.053,1,0xcaf00370,0,0,2,8191,8191,0,0,0,0,1,0,31,7,3,0,15,254,15
358487,2025-01-31 01:51:18.346336,0.707,8,11.830489,0.707,7,0xcaf00370,0,0,2,8191,8191,0,0,0,0,1,0,31,7,3,0,15,254,15
360060,2025-01-31 01:51:18.395119,48.783,8,11.879272,48.783,7,0xcaf00370,0,0,2,8191,8191,1,0,0,0,1,0,31,7,3,0,15,254,15
360079,2025-01-31 01:51:18.395487,0.368,8,11.87964,0.368,1,0xcaf00370,0,0,2,8191,8191,1,0,0,0,1,0,31,7,3,0,15,254,15
361942,2025-01-31 01:51:18.454993,59.506,8,11.939147,59.507,1,0xcaf00370,0,0,2,8191,8191,2,0,0,0,1,0,31,7,3,0,15,254,15
361950,2025-01-31 01:51:18.455135,0.14200000000000002,8,11.939289,0.142,7,0xcaf00370,0,0,2,8191,8191,2,0,0,0,1,0,31,7,3,0,15,254,15
363594,2025-01-31 01:51:18.504805,49.67,8,11.988959,49.67,7,0xcaf00370,0,0,2,8191,8191,3,0,0,0,1,0,31,7,3,0,15,254,15
363595,2025-01-31 01:51:18.504835,0.030000000000000002,8,11.988989,0.03,1,0xcaf00370,0,0,2,8191,8191,3,0,0,0,1,0,31,7,3,0,15,254,15
365531,2025-01-31 01:51:18.565077,60.242,8,12.04923,60.241,1,0xcaf00370,0,0,2,8191,8191,0,0,0,0,1,0,31,7,3,0,15,254,15
365556,2025-01-31 01:51:18.565451,0.374,8,12.049604,0.374,7,0xcaf00370,0,0,2,8191,8191,0,0,0,0,1,0,31,7,3,0,15,254,15
367122,2025-01-31 01:51:18.614868,49.417,8,12.099022,49.418,1,0xcaf00370,0,0,2,8191,8191,1,0,0,0,1,0,31,7,3,0,15,254,15
367153,2025-01-31 01:51:18.615536,0.6679999999999999,8,12.09969,0.668,7,0xcaf00370,0,0,2,8191,8191,1,0,0,0,1,0,31,7,3,0,15,254,15
369100,2025-01-31 01:51:18.674850,59.314,8,12.159004,59.314,1,0xcaf00370,0,0,2,8191,8191,2,0,0,0,1,0,31,7,3,0,15,254,15
369117,2025-01-31 01:51:18.675142,0.292,8,12.159296,0.292,7,0xcaf00370,0,0,2,8191,8191,2,0,0,0,1,0,31,7,3,0,15,254,15
370731,2025-01-31 01:51:18.724807,49.665,8,12.208961,49.665,1,0xcaf00370,0,0,2,8191,8191,3,0,0,0,1,0,31,7,3,0,15,254,15
370733,2025-01-31 01:51:18.724834,0.027,8,12.208987,0.026,7,0xcaf00370,0,0,2,8191,8191,3,0,0,0,1,0,31,7,3,0,15,254,15
372708,2025-01-31 01:51:18.785185,60.351,8,12.269339,60.352,7,0xcaf00370,0,0,2,8191,8191,0,0,0,0,1,0,31,7,3,0,15,254,15
372709,2025-01-31 01:51:18.785217,0.032,8,12.269371,0.032,1,0xcaf00370,0,0,2,8191,8191,0,0,0,0,1,0,31,7,3,0,15,254,15
374275,2025-01-31 01:51:18.834778,49.561,8,12.318932,49.561,7,0xcaf00370,0,0,2,8191,8191,1,0,0,0,1,0,31,7,3,0,15,254,15
374296,2025-01-31 01:51:18.835112,0.33399999999999996,8,12.319266,0.334,1,0xcaf00370,0,0,2,8191,8191,1,0,0,0,1,0,31,7,3,0,15,254,15
376013,2025-01-31 01:51:18.885489,50.376999999999995,8,12.369643,50.377,1,0xcaf00370,0,0,2,8191,8191,2,0,0,0,1,0,31,7,3,0,15,254,15
376024,2025-01-31 01:51:18.885687,0.19799999999999998,8,12.369841,0.198,7,0xcaf00370,0,0,2,8191,8191,2,0,0,0,1,0,31,7,3,0,15,254,15
377568,2025-01-31 01:51:18.934792,49.105000000000004,8,12.418946,49.105,7,0xcaf00370,0,0,2,8191,8191,3,0,0,0,1,0,31,7,3,0,15,254,15
377593,2025-01-31 01:51:18.935114,0.322,8,12.419267,0.321,1,0xcaf00370,0,0,2,8191,8191,3,0,0,0,1,0,31,7,3,0,15,254,15
379698,2025-01-31 01:51:18.994879,59.765,8,12.479033,59.766,7,0xcaf00370,0,0,2,8191,8191,0,0,0,0,1,0,31,7,3,0,15,254,15
379717,2025-01-31 01:51:18.995136,0.257,8,12.47929,0.257,1,0xcaf00370,0,0,2,8191,8191,0,0,0,0,1,0,31,7,3,0,15,254,15
381323,2025-01-31 01:51:19.045084,49.948,8,12.529238,49.948,1,0xcaf00370,0,0,2,8191,8191,1,0,0,0,1,0,31,7,3,0,15,254,15
381327,2025-01-31 01:51:19.045157,0.073,8,12.529311,0.073,7,0xcaf00370,0,0,2,8191,8191,1,0,0,0,1,0,31,7,3,0,15,254,15
383283,2025-01-31 01:51:19.104881,59.724,8,12.589035,59.724,7,0xcaf00370,0,0,2,8191,8191,2,0,0,0,1,0,31,7,3,0,15,254,15
383285,2025-01-31 01:51:19.104891,0.01,8,12.589045,0.01,1,0xcaf00370,0,0,2,8191,8191,2,0,0,0,1,0,31,7,3,0,15,254,15
384903,2025-01-31 01:51:19.154818,49.927,8,12.638972,49.927,7,0xcaf00370,0,0,2,8191,8191,3,0,0,0,1,0,31,7,3,0,15,254,15
384908,2025-01-31 01:51:19.154869,0.051,8,12.639022,0.05,1,0xcaf00370,0,0,2,8191,8191,3,0,0,0,1,0,31,7,3,0,15,254,15
386832,2025-01-31 01:51:19.214830,59.961,8,12.698984,59.962,7,0xcaf00370,0,0,2,8191,8191,0,0,0,0,1,0,31,7,3,0,15,254,15
386834,2025-01-31 01:51:19.214882,0.052,8,12.699036,0.052,1,0xcaf00370,0,0,2,8191,8191,0,0,0,0,1,0,31,7,3,0,15,254,15
388495,2025-01-31 01:51:19.265174,50.292,8,12.749327,50.291,7,0xcaf00370,0,0,2,8191,8191,1,0,0,0,1,0,31,7,3,0,15,254,15
388497,2025-01-31 01:51:19.265229,0.055,8,12.749382,0.055,1,0xcaf00370,0,0,2,8191,8191,1,0,0,0,1,0,31,7,3,0,15,254,15
391117,2025-01-31 01:51:19.344932,79.703,8,12.829086,79.704,1,0xcaf00370,0,0,2,8191,8191,2,0,0,0,1,0,31,7,3,0,15,254,15
391172,2025-01-31 01:51:19.345954,1.0219999999999998,8,12.830107,1.021,7,0xcaf00370,0,0,2,8191,8191,2,0,0,0,1,0,31,7,3,0,15,254,15
392749,2025-01-31 01:51:19.395115,49.161,8,12.879268,49.161,7,0xcaf00370,0,0,2,8191,8191,3,0,0,0,1,0,31,7,3,0,15,254,15
392769,2025-01-31 01:51:19.395412,0.297,8,12.879565,0.297,1,0xcaf00370,0,0,2,8191,8191,3,0,0,0,1,0,31,7,3,0,15,254,15
394329,2025-01-31 01:51:19.444946,49.534,8,12.929099,49.534,1,0xcaf00370,0,0,2,8191,8191,0,0,0,0,1,0,31,7,3,0,15,254,15
394386,2025-01-31 01:51:19.445949,1.003,8,12.930103,1.004,7,0xcaf00370,0,0,2,8191,8191,0,0,0,0,1,0,31,7,3,0,15,254,15
395962,2025-01-31 01:51:19.494878,48.929,8,12.979031,48.928,7,0xcaf00370,0,0,2,8191,8191,1,0,0,0,1,0,31,7,3,0,15,254,15
395986,2025-01-31 01:51:19.495276,0.398,8,12.97943,0.399,1,0xcaf00370,0,0,2,8191,8191,1,0,0,0,1,0,31,7,3,0,15,254,15
398217,2025-01-31 01:51:19.565128,69.852,8,13.049281,69.851,7,0xcaf00370,0,0,2,8191,8191,2,0,0,0,1,0,31,7,3,0,15,254,15
398222,2025-01-31 01:51:19.565197,0.06899999999999999,8,13.04935,0.069,1,0xcaf00370,0,0,2,8191,8191,2,0,0,0,1,0,31,7,3,0,15,254,15
399828,2025-01-31 01:51:19.615274,50.077000000000005,8,13.099428,50.078,1,0xcaf00370,0,0,2,8191,8191,3,0,0,0,1,0,31,7,3,0,15,254,15
399855,2025-01-31 01:51:19.615788,0.514,8,13.099942,0.514,7,0xcaf00370,0,0,2,8191,8191,3,0,0,0,1,0,31,7,3,0,15,254,15
401476,2025-01-31 01:51:19.665254,49.466,8,13.149407,49.465,7,0xcaf00370,0,0,2,8191,8191,0,0,0,0,1,0,31,7,3,0,15,254,15
401492,2025-01-31 01:51:19.665486,0.232,8,13.149639,0.232,1,0xcaf00370,0,0,2,8191,8191,0,0,0,0,1,0,31,7,3,0,15,254,15
403062,2025-01-31 01:51:19.714898,49.412,8,13.199052,49.413,7,0xcaf00370,0,0,2,8191,8191,1,0,0,0,1,0,31,7,3,0,15,254,15
403081,2025-01-31 01:51:19.715218,0.32,8,13.199371,0.319,1,0xcaf00370,0,0,2,8191,8191,1,0,0,0,1,0,31,7,3,0,15,254,15
405102,2025-01-31 01:51:19.774958,59.74,8,13.259111,59.74,7,0xcaf00370,0,0,2,8191,8191,2,0,0,0,1,0,31,7,3,0,15,254,15
405112,2025-01-31 01:51:19.775164,0.206,8,13.259318,0.207,1,0xcaf00370,0,0,2,8191,8191,2,0,0,0,1,0,31,7,3,0,15,254,15
406707,2025-01-31 01:51:19.824854,49.69,8,13.309007,49.689,7,0xcaf00370,0,0,2,8191,8191,3,0,0,0,1,0,31,7,3,0,15,254,15
406711,2025-01-31 01:51:19.824915,0.061,8,13.309068,0.061,1,0xcaf00370,0,0,2,8191,8191,3,0,0,0,1,0,31,7,3,0,15,254,15
408734,2025-01-31 01:51:19.885245,60.33,8,13.369399,60.331,1,0xcaf00370,0,0,2,8191,8191,0,0,0,0,1,0,31,7,3,0,15,254,15
408741,2025-01-31 01:51:19.885315,0.06999999999999999,8,13.369468,0.069,7,0xcaf00370,0,0,2,8191,8191,0,0,0,0,1,0,31,7,3,0,15,254,15
410316,2025-01-31 01:51:19.934848,49.533,8,13.419001,49.533,7,0xcaf00370,0,0,2,8191,8191,1,0,0,0,1,0,31,7,3,0,15,254,15
410327,2025-01-31 01:51:19.934980,0.132,8,13.419134,0.133,1,0xcaf00370,0,0,2,8191,8191,1,0,0,0,1,0,31,7,3,0,15,254,15
412373,2025-01-31 01:51:19.994881,59.901,8,13.479035,59.901,7,0xcaf00370,0,0,2,8191,8191,2,0,0,0,1,0,31,7,3,0,15,254,15
412379,2025-01-31 01:51:19.994978,0.097,8,13.479132,0.097,1,0xcaf00370,0,0,2,8191,8191,2,0,0,0,1,0,31,7,3,0,15,254,15
413950,2025-01-31 01:51:20.044825,49.847,8,13.528979,49.847,7,0xcaf00370,0,0,2,8191,8191,3,0,0,0,1,0,31,7,3,0,15,254,15
413953,2025-01-31 01:51:20.044896,0.07100000000000001,8,13.529049,0.07,1,0xcaf00370,0,0,2,8191,8191,3,0,0,0,1,0,31,7,3,0,15,254,15
415961,2025-01-31 01:51:20.104909,60.013,8,13.589062,60.013,7,0xcaf00370,0,0,2,8191,8191,0,0,0,0,1,0,31,7,3,0,15,254,15
415963,2025-01-31 01:51:20.104972,0.063,8,13.589125,0.063,1,0xcaf00370,0,0,2,8191,8191,0,0,0,0,1,0,31,7,3,0,15,254,15
417595,2025-01-31 01:51:20.154842,49.87,8,13.638995,49.87,7,0xcaf00370,0,0,2,8191,8191,1,0,0,0,1,0,31,7,3,0,15,254,15
417598,2025-01-31 01:51:20.154926,0.08399999999999999,8,13.639079,0.084,1,0xcaf00370,0,0,2,8191,8191,1,0,0,0,1,0,31,7,3,0,15,254,15
419537,2025-01-31 01:51:20.214875,59.949000000000005,8,13.699028,59.949,7,0xcaf00370,0,0,2,8191,8191,2,0,0,0,1,0,31,7,3,0,15,254,15
419543,2025-01-31 01:51:20.214966,0.091,8,13.69912,0.092,1,0xcaf00370,0,0,2,8191,8191,2,0,0,0,1,0,31,7,3,0,15,254,15
421208,2025-01-31 01:51:20.265519,50.553,8,13.749672,50.552,7,0xcaf00370,0,0,2,8191,8191,3,0,0,0,1,0,31,7,3,0,15,254,15
421214,2025-01-31 01:51:20.265615,0.096,8,13.749768,0.096,1,0xcaf00370,0,0,2,8191,8191,3,0,0,0,1,0,31,7,3,0,15,254,15
423104,2025-01-31 01:51:20.324933,59.318000000000005,8,13.809086,59.318,7,0xcaf00370,0,0,2,8191,8191,0,0,0,0,1,0,31,7,3,0,15,254,15
423106,2025-01-31 01:51:20.324988,0.055,8,13.809142,0.056,1,0xcaf00370,0,0,2,8191,8191,0,0,0,0,1,0,31,7,3,0,15,254,15
424806,2025-01-31 01:51:20.376095,51.107,8,13.860248,51.106,7,0xcaf00370,0,0,2,8191,8191,1,0,0,0,1,0,31,7,3,0,15,254,15
424821,2025-01-31 01:51:20.376431,0.33599999999999997,8,13.860585,0.337,1,0xcaf00370,0,0,2,8191,8191,1,0,0,0,1,0,31,7,3,0,15,254,15
426675,2025-01-31 01:51:20.435149,58.717999999999996,8,13.919303,58.718,7,0xcaf00370,0,0,2,8191,8191,2,0,0,0,1,0,31,7,3,0,15,254,15
426679,2025-01-31 01:51:20.435250,0.101,8,13.919404,0.101,1,0xcaf00370,0,0,2,8191,8191,2,0,0,0,1,0,31,7,3,0,15,254,15
428346,2025-01-31 01:51:20.485187,49.937000000000005,8,13.969341,49.937,7,0xcaf00370,0,0,2,8191,8191,3,0,0,0,1,0,31,7,3,0,15,254,15
428350,2025-01-31 01:51:20.485291,0.104,8,13.969444,0.103,1,0xcaf00370,0,0,2,8191,8191,3,0,0,0,1,0,31,7,3,0,15,254,15
430255,2025-01-31 01:51:20.544997,59.706,8,14.02915,59.706,1,0xcaf00370,0,0,2,8191,8191,0,0,0,0,1,0,31,7,3,0,15,254,15
430299,2025-01-31 01:51:20.545972,0.975,8,14.030125,0.975,7,0xcaf00370,0,0,2,8191,8191,0,0,0,0,1,0,31,7,3,0,15,254,15
431894,2025-01-31 01:51:20.595133,49.161,8,14.079286,49.161,7,0xcaf00370,0,0,2,8191,8191,1,0,0,0,1,0,31,7,3,0,15,254,15
431902,2025-01-31 01:51:20.595307,0.174,8,14.07946,0.174,1,0xcaf00370,0,0,2,8191,8191,1,0,0,0,1,0,31,7,3,0,15,254,15
434480,2025-01-31 01:51:20.674880,79.57300000000001,8,14.159033,79.573,7,0xcaf00370,0,0,2,8191,8191,2,0,0,0,1,0,31,7,3,0,15,254,15
434492,2025-01-31 01:51:20.675065,0.185,8,14.159218,0.185,1,0xcaf00370,0,0,2,8191,8191,2,0,0,0,1,0,31,7,3,0,15,254,15
436089,2025-01-31 01:51:20.724907,49.842,8,14.209061,49.843,7,0xcaf00370,0,0,2,8191,8191,3,0,0,0,1,0,31,7,3,0,15,254,15
436091,2025-01-31 01:51:20.724937,0.030000000000000002,8,14.20909,0.029,1,0xcaf00370,0,0,2,8191,8191,3,0,0,0,1,0,31,7,3,0,15,254,15
437756,2025-01-31 01:51:20.775099,50.162,8,14.259252,50.162,7,0xcaf00370,0,0,2,8191,8191,0,0,0,0,1,0,31,7,3,0,15,254,15
437761,2025-01-31 01:51:20.775203,0.104,8,14.259356,0.104,1,0xcaf00370,0,0,2,8191,8191,0,0,0,0,1,0,31,7,3,0,15,254,15
439348,2025-01-31 01:51:20.824898,49.695,8,14.309052,49.696,7,0xcaf00370,0,0,2,8191,8191,1,0,0,0,1,0,31,7,3,0,15,254,15
439351,2025-01-31 01:51:20.824916,0.018000000000000002,8,14.309069,0.017,1,0xcaf00370,0,0,2,8191,8191,1,0,0,0,1,0,31,7,3,0,15,254,15
441420,2025-01-31 01:51:20.885779,60.863,8,14.369932,60.863,1,0xcaf00370,0,0,2,8191,8191,2,0,0,0,1,0,31,7,3,0,15,254,15
441421,2025-01-31 01:51:20.885806,0.027,8,14.369959,0.027,7,0xcaf00370,0,0,2,8191,8191,2,0,0,0,1,0,31,7,3,0,15,254,15
442949,2025-01-31 01:51:20.934859,49.053,8,14.419013,49.054,7,0xcaf00370,0,0,2,8191,8191,3,0,0,0,1,0,31,7,3,0,15,254,15
442952,2025-01-31 01:51:20.934942,0.083,8,14.419095,0.082,1,0xcaf00370,0,0,2,8191,8191,3,0,0,0,1,0,31,7,3,0,15,254,15
444981,2025-01-31 01:51:20.994897,59.955,8,14.479051,59.956,7,0xcaf00370,0,0,2,8191,8191,0,0,0,0,1,0,31,7,3,0,15,254,15
444993,2025-01-31 01:51:20.995073,0.176,8,14.479227,0.176,1,0xcaf00370,0,0,2,8191,8191,0,0,0,0,1,0,31,7,3,0,15,254,15
446616,2025-01-31 01:51:21.046149,51.076,8,14.530303,51.076,7,0xcaf00370,0,0,2,8191,8191,1,0,0,0,1,0,31,7,3,0,15,254,15
446639,2025-01-31 01:51:21.046845,0.696,8,14.530999,0.696,1,0xcaf00370,0,0,2,8191,8191,1,0,0,0,1,0,31,7,3,0,15,254,15
448221,2025-01-31 01:51:21.095337,48.492,8,14.57949,48.491,1,0xcaf00370,0,0,2,8191,8191,2,0,0,0,1,0,31,7,3,0,15,254,15
448245,2025-01-31 01:51:21.095830,0.49299999999999994,8,14.579984,0.494,7,0xcaf00370,0,0,2,8191,8191,2,0,0,0,1,0,31,7,3,0,15,254,15
449954,2025-01-31 01:51:21.149154,53.324000000000005,8,14.633308,53.324,1,0xcaf00370,0,0,2,8191,8191,3,0,0,0,1,0,31,7,3,0,15,254,15
449962,2025-01-31 01:51:21.149465,0.311,8,14.633618,0.31,7,0xcaf00370,0,0,2,8191,8191,3,0,0,0,1,0,31,7,3,0,15,254,15
452090,2025-01-31 01:51:21.214924,65.459,8,14.699077,65.459,7,0xcaf00370,0,0,2,8191,8191,0,0,0,0,1,0,31,7,3,0,15,254,15
452093,2025-01-31 01:51:21.214962,0.038,8,14.699116,0.039,1,0xcaf00370,0,0,2,8191,8191,0,0,0,0,1,0,31,7,3,0,15,254,15
453772,2025-01-31 01:51:21.265535,50.573,8,14.749689,50.573,7,0xcaf00370,0,0,2,8191,8191,1,0,0,0,1,0,31,7,3,0,15,254,15
453773,2025-01-31 01:51:21.265568,0.033,8,14.749721,0.032,1,0xcaf00370,0,0,2,8191,8191,1,0,0,0,1,0,31,7,3,0,15,254,15
455378,2025-01-31 01:51:21.315324,49.756,8,14.799477,49.756,1,0xcaf00370,0,0,2,8191,8191,2,0,0,0,1,0,31,7,3,0,15,254,15
455396,2025-01-31 01:51:21.315864,0.54,8,14.800018,0.541,7,0xcaf00370,0,0,2,8191,8191,2,0,0,0,1,0,31,7,3,0,15,254,15
457030,2025-01-31 01:51:21.365160,49.296,8,14.849313,49.295,7,0xcaf00370,0,0,2,8191,8191,3,0,0,0,1,0,31,7,3,0,15,254,15
457032,2025-01-31 01:51:21.365176,0.016,8,14.849329,0.016,1,0xcaf00370,0,0,2,8191,8191,3,0,0,0,1,0,31,7,3,0,15,254,15
458937,2025-01-31 01:51:21.424964,59.788000000000004,8,14.909118,59.789,1,0xcaf00370,0,0,2,8191,8191,0,0,0,0,1,0,31,7,3,0,15,254,15
458939,2025-01-31 01:51:21.424970,0.006,8,14.909124,0.006,7,0xcaf00370,0,0,2,8191,8191,0,0,0,0,1,0,31,7,3,0,15,254,15
460564,2025-01-31 01:51:21.474893,49.923,8,14.959046,49.922,7,0xcaf00370,0,0,2,8191,8191,1,0,0,0,1,0,31,7,3,0,15,254,15
460567,2025-01-31 01:51:21.474938,0.045000000000000005,8,14.959091,0.045,1,0xcaf00370,0,0,2,8191,8191,1,0,0,0,1,0,31,7,3,0,15,254,15
462170,2025-01-31 01:51:21.525222,50.284,8,15.009375,50.284,1,0xcaf00370,0,0,2,8191,8191,2,0,0,0,1,0,31,7,3,0,15,254,15
462171,2025-01-31 01:51:21.525231,0.009000000000000001,8,15.009384,0.009,7,0xcaf00370,0,0,2,8191,8191,2,0,0,0,1,0,31,7,3,0,15,254,15
463803,2025-01-31 01:51:21.575203,49.972,8,15.059356,49.972,1,0xcaf00370,0,0,2,8191,8191,3,0,0,0,1,0,31,7,3,0,15,254,15
463830,2025-01-31 01:51:21.575836,0.633,8,15.059989,0.633,7,0xcaf00370,0,0,2,8191,8191,3,0,0,0,1,0,31,7,3,0,15,254,15
466068,2025-01-31 01:51:21.645658,69.82199999999999,8,15.129811,69.822,1,0xcaf00370,0,0,2,8191,8191,0,0,0,0,1,0,31,7,3,0,15,254,15
466079,2025-01-31 01:51:21.646043,0.38499999999999995,8,15.130196,0.385,7,0xcaf00370,0,0,2,8191,8191,0,0,0,0,1,0,31,7,3,0,15,254,15
467706,2025-01-31 01:51:21.695004,48.961,8,15.179158,48.962,1,0xcaf00370,0,0,2,8191,8191,1,0,0,0,1,0,31,7,3,0,15,254,15
467742,2025-01-31 01:51:21.695592,0.588,8,15.179746,0.588,7,0xcaf00370,0,0,2,8191,8191,1,0,0,0,1,0,31,7,3,0,15,254,15
469328,2025-01-31 01:51:21.745922,50.33,8,15.230075,50.329,1,0xcaf00370,0,0,2,8191,8191,2,0,0,0,1,0,31,7,3,0,15,254,15
469340,2025-01-31 01:51:21.746193,0.27099999999999996,8,15.230347,0.272,7,0xcaf00370,0,0,2,8191,8191,2,0,0,0,1,0,31,7,3,0,15,254,15
471001,2025-01-31 01:51:21.795442,49.249,8,15.279596,49.249,1,0xcaf00370,0,0,2,8191,8191,3,0,0,0,1,0,31,7,3,0,15,254,15
471004,2025-01-31 01:51:21.795471,0.029,8,15.279624,0.028,7,0xcaf00370,0,0,2,8191,8191,3,0,0,0,1,0,31,7,3,0,15,254,15
472944,2025-01-31 01:51:21.855201,59.73,8,15.339354,59.73,1,0xcaf00370,0,0,2,8191,8191,0,0,0,0,1,0,31,7,3,0,15,254,15
472985,2025-01-31 01:51:21.856048,0.847,8,15.340202,0.848,7,0xcaf00370,0,0,2,8191,8191,0,0,0,0,1,0,31,7,3,0,15,254,15
474610,2025-01-31 01:51:21.904868,48.82,8,15.389022,48.82,1,0xcaf00370,0,0,2,8191,8191,1,0,0,0,1,0,31,7,3,0,15,254,15
474612,2025-01-31 01:51:21.904966,0.098,8,15.38912,0.098,7,0xcaf00370,0,0,2,8191,8191,1,0,0,0,1,0,31,7,3,0,15,254,15
476586,2025-01-31 01:51:21.965645,60.678999999999995,8,15.449798,60.678,1,0xcaf00370,0,0,2,8191,8191,2,0,0,0,1,0,31,7,3,0,15,254,15
476594,2025-01-31 01:51:21.965811,0.166,8,15.449964,0.166,7,0xcaf00370,0,0,2,8191,8191,2,0,0,0,1,0,31,7,3,0,15,254,15
478258,2025-01-31 01:51:22.014907,49.096000000000004,8,15.49906,49.096,1,0xcaf00370,0,0,2,8191,8191,3,0,0,0,1,0,31,7,3,0,15,254,15
478262,2025-01-31 01:51:22.014963,0.056,8,15.499117,0.057,7,0xcaf00370,0,0,2,8191,8191,3,0,0,0,1,0,31,7,3,0,15,254,15
480212,2025-01-31 01:51:22.074932,59.969,8,15.559085,59.968,1,0xcaf00370,0,0,2,8191,8191,0,0,0,0,1,0,31,7,3,0,15,254,15
480218,2025-01-31 01:51:22.074997,0.06499999999999999,8,15.559151,0.066,7,0xcaf00370,0,0,2,8191,8191,0,0,0,0,1,0,31,7,3,0,15,254,15
481920,2025-01-31 01:51:22.128353,53.356,8,15.612507,53.356,1,0xcaf00370,0,0,2,8191,8191,1,0,0,0,1,0,31,7,3,0,15,254,15
481921,2025-01-31 01:51:22.128449,0.096,8,15.612602,0.095,7,0xcaf00370,0,0,2,8191,8191,1,0,0,0,1,0,31,7,3,0,15,254,15
483853,2025-01-31 01:51:22.185378,56.929,8,15.669531,56.929,1,0xcaf00370,0,0,2,8191,8191,2,0,0,0,1,0,31,7,3,0,15,254,15
483862,2025-01-31 01:51:22.185545,0.16699999999999998,8,15.669699,0.168,7,0xcaf00370,0,0,2,8191,8191,2,0,0,0,1,0,31,7,3,0,15,254,15
485500,2025-01-31 01:51:22.237785,52.24,8,15.721939,52.24,1,0xcaf00370,0,0,2,8191,8191,3,0,0,0,1,0,31,7,3,0,15,254,15
485504,2025-01-31 01:51:22.237895,0.11,8,15.722049,0.11,7,0xcaf00370,0,0,2,8191,8191,3,0,0,0,1,0,31,7,3,0,15,254,15
487119,2025-01-31 01:51:22.285198,47.303,8,15.769352,47.303,1,0xcaf00370,0,0,2,8191,8191,0,0,0,0,1,0,31,7,3,0,15,254,15
487142,2025-01-31 01:51:22.285557,0.359,8,15.769711,0.359,7,0xcaf00370,0,0,2,8191,8191,0,0,0,0,1,0,31,7,3,0,15,254,15
488682,2025-01-31 01:51:22.335204,49.647,8,15.819357,49.646,1,0xcaf00370,0,0,2,8191,8191,1,0,0,0,1,0,31,7,3,0,15,254,15
488724,2025-01-31 01:51:22.336108,0.9039999999999999,8,15.820262,0.905,7,0xcaf00370,0,0,2,8191,8191,1,0,0,0,1,0,31,7,3,0,15,254,15
491041,2025-01-31 01:51:22.404922,68.81400000000001,8,15.889075,68.813,1,0xcaf00370,0,0,2,8191,8191,2,0,0,0,1,0,31,7,3,0,15,254,15
491047,2025-01-31 01:51:22.405055,0.133,8,15.889209,0.134,7,0xcaf00370,0,0,2,8191,8191,2,0,0,0,1,0,31,7,3,0,15,254,15
492594,2025-01-31 01:51:22.454862,49.806999999999995,8,15.939015,49.806,1,0xcaf00370,0,0,2,8191,8191,3,0,0,0,1,0,31,7,3,0,15,254,15
492599,2025-01-31 01:51:22.455001,0.13899999999999998,8,15.939154,0.139,7,0xcaf00370,0,0,2,8191,8191,3,0,0,0,1,0,31,7,3,0,15,254,15
494597,2025-01-31 01:51:22.514891,59.89,8,15.999044,59.89,1,0xcaf00370,0,0,2,8191,8191,0,0,0,0,1,0,31,7,3,0,15,254,15
494605,2025-01-31 01:51:22.515037,0.146,8,15.99919,0.146,7,0xcaf00370,0,0,2,8191,8191,0,0,0,0,1,0,31,7,3,0,15,254,15
496237,2025-01-31 01:51:22.565135,50.098,8,16.049288,50.098,1,0xcaf00370,0,0,2,8191,8191,1,0,0,0,1,0,31,7,3,0,15,254,15
496244,2025-01-31 01:51:22.565290,0.155,8,16.049443,0.155,7,0xcaf00370,0,0,2,8191,8191,1,0,0,0,1,0,31,7,3,0,15,254,15
498149,2025-01-31 01:51:22.624879,59.589000000000006,8,16.109032,59.589,1,0xcaf00370,0,0,2,8191,8191,2,0,0,0,1,0,31,7,3,0,15,254,15
498160,2025-01-31 01:51:22.625078,0.199,8,16.109231,0.199,7,0xcaf00370,0,0,2,8191,8191,2,0,0,0,1,0,31,7,3,0,15,254,15
499794,2025-01-31 01:51:22.675047,49.969,8,16.159201,49.97,1,0xcaf00370,0,0,2,8191,8191,3,0,0,0,1,0,31,7,3,0,15,254,15
499805,2025-01-31 01:51:22.675259,0.212,8,16.159412,0.211,7,0xcaf00370,0,0,2,8191,8191,3,0,0,0,1,0,31,7,3,0,15,254,15
502085,2025-01-31 01:51:22.745069,69.81,8,16.229223,69.811,1,0xcaf00370,0,0,2,8191,8191,0,0,0,0,1,0,31,7,3,0,15,254,15
502107,2025-01-31 01:51:22.745457,0.388,8,16.229611,0.388,7,0xcaf00370,0,0,2,8191,8191,0,0,0,0,1,0,31,7,3,0,15,254,15
503778,2025-01-31 01:51:22.795088,49.631,8,16.279241,49.63,1,0xcaf00370,0,0,2,8191,8191,1,0,0,0,1,0,31,7,3,0,15,254,15
503781,2025-01-31 01:51:22.795121,0.033,8,16.279274,0.033,7,0xcaf00370,0,0,2,8191,8191,1,0,0,0,1,0,31,7,3,0,15,254,15
505383,2025-01-31 01:51:22.845945,50.824,8,16.330098,50.824,1,0xcaf00370,0,0,2,8191,8191,2,0,0,0,1,0,31,7,3,0,15,254,15
505388,2025-01-31 01:51:22.846071,0.126,8,16.330225,0.127,7,0xcaf00370,0,0,2,8191,8191,2,0,0,0,1,0,31,7,3,0,15,254,15
507092,2025-01-31 01:51:22.895297,49.226,8,16.37945,49.225,1,0xcaf00370,0,0,2,8191,8191,3,0,0,0,1,0,31,7,3,0,15,254,15
507108,2025-01-31 01:51:22.895599,0.30200000000000005,8,16.379753,0.303,7,0xcaf00370,0,0,2,8191,8191,3,0,0,0,1,0,31,7,3,0,15,254,15
508953,2025-01-31 01:51:22.955320,59.721000000000004,8,16.439473,59.72,1,0xcaf00370,0,0,2,8191,8191,0,0,0,0,1,0,31,7,3,0,15,254,15
508983,2025-01-31 01:51:22.955958,0.638,8,16.440111,0.638,7,0xcaf00370,0,0,2,8191,8191,0,0,0,0,1,0,31,7,3,0,15,254,15
510631,2025-01-31 01:51:23.004496,48.538,8,16.48865,48.539,1,0xcaf00370,0,0,2,8191,8191,1,0,0,0,1,0,31,7,3,0,15,254,15
510635,2025-01-31 01:51:23.004536,0.04,8,16.48869,0.04,7,0xcaf00370,0,0,2,8191,8191,1,0,0,0,1,0,31,7,3,0,15,254,15
512603,2025-01-31 01:51:23.065365,60.829,8,16.549519,60.829,1,0xcaf00370,0,0,2,8191,8191,2,0,0,0,1,0,31,7,3,0,15,254,15
512608,2025-01-31 01:51:23.065494,0.129,8,16.549648,0.129,7,0xcaf00370,0,0,2,8191,8191,2,0,0,0,1,0,31,7,3,0,15,254,15
514212,2025-01-31 01:51:23.115072,49.577999999999996,8,16.599226,49.578,1,0xcaf00370,0,0,2,8191,8191,3,0,0,0,1,0,31,7,3,0,15,254,15
514220,2025-01-31 01:51:23.115228,0.156,8,16.599381,0.155,7,0xcaf00370,0,0,2,8191,8191,3,0,0,0,1,0,31,7,3,0,15,254,15
516169,2025-01-31 01:51:23.174187,58.958999999999996,8,16.658341,58.96,1,0xcaf00370,0,0,2,8191,8191,0,0,0,0,1,0,31,7,3,0,15,254,15
516219,2025-01-31 01:51:23.175233,1.046,8,16.659386,1.045,7,0xcaf00370,0,0,2,8191,8191,0,0,0,0,1,0,31,7,3,0,15,254,15
517814,2025-01-31 01:51:23.224878,49.645,8,16.709032,49.646,1,0xcaf00370,0,0,2,8191,8191,1,0,0,0,1,0,31,7,3,0,15,254,15
517822,2025-01-31 01:51:23.225113,0.235,8,16.709267,0.235,7,0xcaf00370,0,0,2,8191,8191,1,0,0,0,1,0,31,7,3,0,15,254,15
519492,2025-01-31 01:51:23.275387,50.274,8,16.75954,50.273,1,0xcaf00370,0,0,2,8191,8191,2,0,0,0,1,0,31,7,3,0,15,254,15
519501,2025-01-31 01:51:23.275558,0.171,8,16.759711,0.171,7,0xcaf00370,0,0,2,8191,8191,2,0,0,0,1,0,31,7,3,0,15,254,15
521071,2025-01-31 01:51:23.324911,49.353,8,16.809065,49.354,1,0xcaf00370,0,0,2,8191,8191,3,0,0,0,1,0,31,7,3,0,15,254,15
521079,2025-01-31 01:51:23.325133,0.222,8,16.809287,0.222,7,0xcaf00370,0,0,2,8191,8191,3,0,0,0,1,0,31,7,3,0,15,254,15
523406,2025-01-31 01:51:23.394938,69.805,8,16.879092,69.805,7,0xcaf00370,0,0,2,8191,8191,0,0,0,0,1,0,31,7,3,0,15,254,15
523418,2025-01-31 01:51:23.395213,0.275,8,16.879366,0.274,1,0xcaf00370,0,0,2,8191,8191,0,0,0,0,1,0,31,7,3,0,15,254,15
524997,2025-01-31 01:51:23.446144,50.931,8,16.930298,50.932,7,0xcaf00370,0,0,2,8191,8191,1,0,0,0,1,0,31,7,3,0,15,254,15
525029,2025-01-31 01:51:23.446963,0.819,8,16.931116,0.818,1,0xcaf00370,0,0,2,8191,8191,1,0,0,0,1,0,31,7,3,0,15,254,15
526962,2025-01-31 01:51:23.505019,58.056000000000004,8,16.989172,58.056,1,0xcaf00370,0,0,2,8191,8191,2,0,0,0,1,0,31,7,3,0,15,254,15
526969,2025-01-31 01:51:23.505196,0.177,8,16.98935,0.178,7,0xcaf00370,0,0,2,8191,8191,2,0,0,0,1,0,31,7,3,0,15,254,15
528525,2025-01-31 01:51:23.555110,49.914,8,17.039263,49.913,1,0xcaf00370,0,0,2,8191,8191,3,0,0,0,1,0,31,7,3,0,15,254,15
528561,2025-01-31 01:51:23.555758,0.648,8,17.039911,0.648,7,0xcaf00370,0,0,2,8191,8191,3,0,0,0,1,0,31,7,3,0,15,254,15
530185,2025-01-31 01:51:23.605321,49.563,8,17.089474,49.563,7,0xcaf00370,0,0,2,8191,8191,0,0,0,0,1,0,31,7,3,0,15,254,15
530187,2025-01-31 01:51:23.605349,0.028,8,17.089503,0.029,1,0xcaf00370,0,0,2,8191,8191,0,0,0,0,1,0,31,7,3,0,15,254,15
531756,2025-01-31 01:51:23.654945,49.596000000000004,8,17.139099,49.596,1,0xcaf00370,0,0,2,8191,8191,1,0,0,0,1,0,31,7,3,0,15,254,15
531794,2025-01-31 01:51:23.655630,0.6849999999999999,8,17.139783,0.684,7,0xcaf00370,0,0,2,8191,8191,1,0,0,0,1,0,31,7,3,0,15,254,15
533774,2025-01-31 01:51:23.715624,59.994,8,17.199778,59.995,1,0xcaf00370,0,0,2,8191,8191,2,0,0,0,1,0,31,7,3,0,15,254,15
533784,2025-01-31 01:51:23.715855,0.231,8,17.200009,0.231,7,0xcaf00370,0,0,2,8191,8191,2,0,0,0,1,0,31,7,3,0,15,254,15
535405,2025-01-31 01:51:23.765346,49.491,8,17.249499,49.49,1,0xcaf00370,0,0,2,8191,8191,3,0,0,0,1,0,31,7,3,0,15,254,15
535441,2025-01-31 01:51:23.766074,0.728,8,17.250228,0.729,7,0xcaf00370,0,0,2,8191,8191,3,0,0,0,1,0,31,7,3,0,15,254,15
537629,2025-01-31 01:51:23.835063,68.98899999999999,8,17.319216,68.988,1,0xcaf00370,0,0,2,8191,8191,0,0,0,0,1,0,31,7,3,0,15,254,15
537668,2025-01-31 01:51:23.835892,0.829,8,17.320046,0.83,7,0xcaf00370,0,0,2,8191,8191,0,0,0,0,1,0,31,7,3,0,15,254,15
539367,2025-01-31 01:51:23.885186,49.294,8,17.36934,49.294,1,0xcaf00370,0,0,2,8191,8191,1,0,0,0,1,0,31,7,3,0,15,254,15
539371,2025-01-31 01:51:23.885235,0.049,8,17.369388,0.048,7,0xcaf00370,0,0,2,8191,8191,1,0,0,0,1,0,31,7,3,0,15,254,15
540934,2025-01-31 01:51:23.935503,50.268,8,17.419657,50.269,1,0xcaf00370,0,0,2,8191,8191,2,0,0,0,1,0,31,7,3,0,15,254,15
540951,2025-01-31 01:51:23.935813,0.31,8,17.419966,0.309,7,0xcaf00370,0,0,2,8191,8191,2,0,0,0,1,0,31,7,3,0,15,254,15
542696,2025-01-31 01:51:23.986053,50.24,8,17.470207,50.241,1,0xcaf00370,0,0,2,8191,8191,3,0,0,0,1,0,31,7,3,0,15,254,15
542706,2025-01-31 01:51:23.986266,0.213,8,17.470419,0.212,7,0xcaf00370,0,0,2,8191,8191,3,0,0,0,1,0,31,7,3,0,15,254,15
544587,2025-01-31 01:51:24.046226,59.96,8,17.530379,59.96,7,0xcaf00370,0,0,2,8191,8191,0,0,0,0,1,0,31,7,3,0,15,254,15
544602,2025-01-31 01:51:24.046618,0.392,8,17.530771,0.392,1,0xcaf00370,0,0,2,8191,8191,0,0,0,0,1,0,31,7,3,0,15,254,15
546248,2025-01-31 01:51:24.095466,48.848,8,17.57962,48.849,1,0xcaf00370,0,0,2,8191,8191,1,0,0,0,1,0,31,7,3,0,15,254,15
546263,2025-01-31 01:51:24.095800,0.33399999999999996,8,17.579954,0.334,7,0xcaf00370,0,0,2,8191,8191,1,0,0,0,1,0,31,7,3,0,15,254,15
548162,2025-01-31 01:51:24.155415,59.615,8,17.639568,59.614,1,0xcaf00370,0,0,2,8191,8191,2,0,0,0,1,0,31,7,3,0,15,254,15
548212,2025-01-31 01:51:24.156187,0.772,8,17.64034,0.772,7,0xcaf00370,0,0,2,8191,8191,2,0,0,0,1,0,31,7,3,0,15,254,15
549819,2025-01-31 01:51:24.205153,48.966,8,17.689307,48.967,1,0xcaf00370,0,0,2,8191,8191,3,0,0,0,1,0,31,7,3,0,15,254,15
549829,2025-01-31 01:51:24.205354,0.201,8,17.689507,0.2,7,0xcaf00370,0,0,2,8191,8191,3,0,0,0,1,0,31,7,3,0,15,254,15
551408,2025-01-31 01:51:24.255303,49.949,8,17.739456,49.949,1,0xcaf00370,0,0,2,8191,8191,0,0,0,0,1,0,31,7,3,0,15,254,15
551469,2025-01-31 01:51:24.256343,1.0399999999999998,8,17.740496,1.04,7,0xcaf00370,0,0,2,8191,8191,0,0,0,0,1,0,31,7,3,0,15,254,15
553096,2025-01-31 01:51:24.305287,48.944,8,17.78944,48.944,1,0xcaf00370,0,0,2,8191,8191,1,0,0,0,1,0,31,7,3,0,15,254,15
553107,2025-01-31 01:51:24.305504,0.217,8,17.789657,0.217,7,0xcaf00370,0,0,2,8191,8191,1,0,0,0,1,0,31,7,3,0,15,254,15
555082,2025-01-31 01:51:24.365942,60.437999999999995,8,17.850096,60.439,1,0xcaf00370,0,0,2,8191,8191,2,0,0,0,1,0,31,7,3,0,15,254,15
555084,2025-01-31 01:51:24.365977,0.034999999999999996,8,17.850131,0.035,7,0xcaf00370,0,0,2,8191,8191,2,0,0,0,1,0,31,7,3,0,15,254,15
556681,2025-01-31 01:51:24.415275,49.298,8,17.899429,49.298,1,0xcaf00370,0,0,2,8191,8191,3,0,0,0,1,0,31,7,3,0,15,254,15
556683,2025-01-31 01:51:24.415343,0.068,8,17.899496,0.067,7,0xcaf00370,0,0,2,8191,8191,3,0,0,0,1,0,31,7,3,0,15,254,15
558982,2025-01-31 01:51:24.485407,70.06400000000001,8,17.969561,70.065,1,0xcaf00370,0,0,2,8191,8191,0,0,0,0,1,0,31,7,3,0,15,254,15
559006,2025-01-31 01:51:24.485866,0.45899999999999996,8,17.970019,0.458,7,0xcaf00370,0,0,2,8191,8191,0,0,0,0,1,0,31,7,3,0,15,254,15
560503,2025-01-31 01:51:24.534981,49.115,8,18.019134,49.115,1,0xcaf00370,0,0,2,8191,8191,1,0,0,0,1,0,31,7,3,0,15,254,15
560504,2025-01-31 01:51:24.534985,0.004,8,18.019138,0.004,7,0xcaf00370,0,0,2,8191,8191,1,0,0,0,1,0,31,7,3,0,15,254,15
562537,2025-01-31 01:51:24.595036,60.051,8,18.079189,60.051,1,0xcaf00370,0,0,2,8191,8191,2,0,0,0,1,0,31,7,3,0,15,254,15
562567,2025-01-31 01:51:24.595522,0.486,8,18.079676,0.487,7,0xcaf00370,0,0,2,8191,8191,2,0,0,0,1,0,31,7,3,0,15,254,15
564095,2025-01-31 01:51:24.645438,49.916000000000004,8,18.129592,49.916,1,0xcaf00370,0,0,2,8191,8191,3,0,0,0,1,0,31,7,3,0,15,254,15
564131,2025-01-31 01:51:24.646369,0.9309999999999999,8,18.130523,0.931,7,0xcaf00370,0,0,2,8191,8191,3,0,0,0,1,0,31,7,3,0,15,254,15
566084,2025-01-31 01:51:24.705018,58.649,8,18.189171,58.648,1,0xcaf00370,0,0,2,8191,8191,0,0,0,0,1,0,31,7,3,0,15,254,15
566088,2025-01-31 01:51:24.705049,0.031,8,18.189203,0.032,7,0xcaf00370,0,0,2,8191,8191,0,0,0,0,1,0,31,7,3,0,15,254,15
567667,2025-01-31 01:51:24.755022,49.973,8,18.239176,49.973,7,0xcaf00370,0,0,2,8191,8191,1,0,0,0,1,0,31,7,3,0,15,254,15
567669,2025-01-31 01:51:24.755100,0.078,8,18.239254,0.078,1,0xcaf00370,0,0,2,8191,8191,1,0,0,0,1,0,31,7,3,0,15,254,15
569629,2025-01-31 01:51:24.815027,59.927,8,18.299181,59.927,1,0xcaf00370,0,0,2,8191,8191,2,0,0,0,1,0,31,7,3,0,15,254,15
569662,2025-01-31 01:51:24.815625,0.598,8,18.299778,0.597,7,0xcaf00370,0,0,2,8191,8191,2,0,0,0,1,0,31,7,3,0,15,254,15
571291,2025-01-31 01:51:24.865553,49.928,8,18.349706,49.928,1,0xcaf00370,0,0,2,8191,8191,3,0,0,0,1,0,31,7,3,0,15,254,15
571292,2025-01-31 01:51:24.865591,0.038,8,18.349744,0.038,7,0xcaf00370,0,0,2,8191,8191,3,0,0,0,1,0,31,7,3,0,15,254,15
573222,2025-01-31 01:51:24.925038,59.447,8,18.409191,59.447,1,0xcaf00370,0,0,2,8191,8191,0,0,0,0,1,0,31,7,3,0,15,254,15
573226,2025-01-31 01:51:24.925074,0.036000000000000004,8,18.409227,0.036,7,0xcaf00370,0,0,2,8191,8191,0,0,0,0,1,0,31,7,3,0,15,254,15
574889,2025-01-31 01:51:24.974998,49.92400000000001,8,18.459152,49.925,7,0xcaf00370,0,0,2,8191,8191,1,0,0,0,1,0,31,7,3,0,15,254,15
574890,2025-01-31 01:51:24.975051,0.053,8,18.459205,0.053,1,0xcaf00370,0,0,2,8191,8191,1,0,0,0,1,0,31,7,3,0,15,254,15
576907,2025-01-31 01:51:25.035034,59.983000000000004,8,18.519188,59.983,1,0xcaf00370,0,0,2,8191,8191,2,0,0,0,1,0,31,7,3,0,15,254,15
576909,2025-01-31 01:51:25.035056,0.022,8,18.51921,0.022,7,0xcaf00370,0,0,2,8191,8191,2,0,0,0,1,0,31,7,3,0,15,254,15
578661,2025-01-31 01:51:25.087528,52.472,8,18.571682,52.472,7,0xcaf00370,0,0,2,8191,8191,3,0,0,0,1,0,31,7,3,0,15,254,15
578662,2025-01-31 01:51:25.087548,0.02,8,18.571701,0.019,1,0xcaf00370,0,0,2,8191,8191,3,0,0,0,1,0,31,7,3,0,15,254,15
580461,2025-01-31 01:51:25.144874,57.326,8,18.629027,57.326,1,0xcaf00370,0,0,2,8191,8191,0,0,0,0,1,0,31,7,3,0,15,254,15
580512,2025-01-31 01:51:25.145964,1.09,8,18.630117,1.09,7,0xcaf00370,0,0,2,8191,8191,0,0,0,0,1,0,31,7,3,0,15,254,15
582191,2025-01-31 01:51:25.195323,49.359,8,18.679477,49.36,1,0xcaf00370,0,0,2,8191,8191,1,0,0,0,1,0,31,7,3,0,15,254,15
582195,2025-01-31 01:51:25.195427,0.104,8,18.67958,0.103,7,0xcaf00370,0,0,2,8191,8191,1,0,0,0,1,0,31,7,3,0,15,254,15
584068,2025-01-31 01:51:25.255167,59.74,8,18.739321,59.741,1,0xcaf00370,0,0,2,8191,8191,2,0,0,0,1,0,31,7,3,0,15,254,15
584072,2025-01-31 01:51:25.255194,0.027,8,18.739348,0.027,7,0xcaf00370,0,0,2,8191,8191,2,0,0,0,1,0,31,7,3,0,15,254,15
585768,2025-01-31 01:51:25.305227,50.033,8,18.789381,50.033,1,0xcaf00370,0,0,2,8191,8191,3,0,0,0,1,0,31,7,3,0,15,254,15
585780,2025-01-31 01:51:25.305518,0.29100000000000004,8,18.789672,0.291,7,0xcaf00370,0,0,2,8191,8191,3,0,0,0,1,0,31,7,3,0,15,254,15
587714,2025-01-31 01:51:25.365859,60.341,8,18.850012,60.34,1,0xcaf00370,0,0,2,8191,8191,0,0,0,0,1,0,31,7,3,0,15,254,15
587720,2025-01-31 01:51:25.365976,0.11699999999999999,8,18.850129,0.117,7,0xcaf00370,0,0,2,8191,8191,0,0,0,0,1,0,31,7,3,0,15,254,15
589316,2025-01-31 01:51:25.415047,49.071,8,18.8992,49.071,7,0xcaf00370,0,0,2,8191,8191,1,0,0,0,1,0,31,7,3,0,15,254,15
589320,2025-01-31 01:51:25.415105,0.058,8,18.899259,0.059,1,0xcaf00370,0,0,2,8191,8191,1,0,0,0,1,0,31,7,3,0,15,254,15
591254,2025-01-31 01:51:25.475075,59.970000000000006,8,18.959228,59.969,7,0xcaf00370,0,0,2,8191,8191,2,0,0,0,1,0,31,7,3,0,15,254,15
591257,2025-01-31 01:51:25.475099,0.024,8,18.959253,0.025,1,0xcaf00370,0,0,2,8191,8191,2,0,0,0,1,0,31,7,3,0,15,254,15
592835,2025-01-31 01:51:25.524966,49.867000000000004,8,19.009119,49.866,1,0xcaf00370,0,0,2,8191,8191,3,0,0,0,1,0,31,7,3,0,15,254,15
592838,2025-01-31 01:51:25.525042,0.076,8,19.009196,0.077,7,0xcaf00370,0,0,2,8191,8191,3,0,0,0,1,0,31,7,3,0,15,254,15
594822,2025-01-31 01:51:25.585472,60.43,8,19.069625,60.429,1,0xcaf00370,0,0,2,8191,8191,0,0,0,0,1,0,31,7,3,0,15,254,15
594828,2025-01-31 01:51:25.585566,0.094,8,19.069719,0.094,7,0xcaf00370,0,0,2,8191,8191,0,0,0,0,1,0,31,7,3,0,15,254,15
596392,2025-01-31 01:51:25.634967,49.401,8,19.11912,49.401,1,0xcaf00370,0,0,2,8191,8191,1,0,0,0,1,0,31,7,3,0,15,254,15
596394,2025-01-31 01:51:25.634991,0.024,8,19.119144,0.024,7,0xcaf00370,0,0,2,8191,8191,1,0,0,0,1,0,31,7,3,0,15,254,15
598717,2025-01-31 01:51:25.704956,69.965,8,19.189109,69.965,1,0xcaf00370,0,0,2,8191,8191,2,0,0,0,1,0,31,7,3,0,15,254,15
598720,2025-01-31 01:51:25.705049,0.093,8,19.189202,0.093,7,0xcaf00370,0,0,2,8191,8191,2,0,0,0,1,0,31,7,3,0,15,254,15
600371,2025-01-31 01:51:25.755048,49.999,8,19.239201,49.999,7,0xcaf00370,0,0,2,8191,8191,3,0,0,0,1,0,31,7,3,0,15,254,15
600374,2025-01-31 01:51:25.755094,0.046,8,19.239248,0.047,1,0xcaf00370,0,0,2,8191,8191,3,0,0,0,1,0,31,7,3,0,15,254,15
602357,2025-01-31 01:51:25.815063,59.969,8,19.299216,59.968,7,0xcaf00370,0,0,2,8191,8191,0,0,0,0,1,0,31,7,3,0,15,254,15
602358,2025-01-31 01:51:25.815097,0.034,8,19.299251,0.035,1,0xcaf00370,0,0,2,8191,8191,0,0,0,0,1,0,31,7,3,0,15,254,15
604007,2025-01-31 01:51:25.865499,50.402,8,19.349653,50.402,1,0xcaf00370,0,0,2,8191,8191,1,0,0,0,1,0,31,7,3,0,15,254,15
604017,2025-01-31 01:51:25.865776,0.277,8,19.34993,0.277,7,0xcaf00370,0,0,2,8191,8191,1,0,0,0,1,0,31,7,3,0,15,254,15
605651,2025-01-31 01:51:25.915259,49.483,8,19.399412,49.482,1,0xcaf00370,0,0,2,8191,8191,2,0,0,0,1,0,31,7,3,0,15,254,15
605660,2025-01-31 01:51:25.915487,0.228,8,19.399641,0.229,7,0xcaf00370,0,0,2,8191,8191,2,0,0,0,1,0,31,7,3,0,15,254,15
607274,2025-01-31 01:51:25.965613,50.126,8,19.449766,50.125,1,0xcaf00370,0,0,2,8191,8191,3,0,0,0,1,0,31,7,3,0,15,254,15
607284,2025-01-31 01:51:25.965891,0.27799999999999997,8,19.450044,0.278,7,0xcaf00370,0,0,2,8191,8191,3,0,0,0,1,0,31,7,3,0,15,254,15
609247,2025-01-31 01:51:26.025011,59.12,8,19.509164,59.12,1,0xcaf00370,0,0,2,8191,8191,0,0,0,0,1,0,31,7,3,0,15,254,15
609248,2025-01-31 01:51:26.025053,0.041999999999999996,8,19.509206,0.042,7,0xcaf00370,0,0,2,8191,8191,0,0,0,0,1,0,31,7,3,0,15,254,15
610864,2025-01-31 01:51:26.075036,49.983,8,19.559189,49.983,7,0xcaf00370,0,0,2,8191,8191,1,0,0,0,1,0,31,7,3,0,15,254,15
610869,2025-01-31 01:51:26.075150,0.114,8,19.559304,0.115,1,0xcaf00370,0,0,2,8191,8191,1,0,0,0,1,0,31,7,3,0,15,254,15
612837,2025-01-31 01:51:26.135097,59.947,8,19.61925,59.946,7,0xcaf00370,0,0,2,8191,8191,2,0,0,0,1,0,31,7,3,0,15,254,15
612840,2025-01-31 01:51:26.135123,0.026,8,19.619276,0.026,1,0xcaf00370,0,0,2,8191,8191,2,0,0,0,1,0,31,7,3,0,15,254,15
614540,2025-01-31 01:51:26.185645,50.522,8,19.669799,50.523,1,0xcaf00370,0,0,2,8191,8191,3,0,0,0,1,0,31,7,3,0,15,254,15
614542,2025-01-31 01:51:26.185688,0.043000000000000003,8,19.669841,0.042,7,0xcaf00370,0,0,2,8191,8191,3,0,0,0,1,0,31,7,3,0,15,254,15
616103,2025-01-31 01:51:26.235330,49.641999999999996,8,19.719483,49.642,1,0xcaf00370,0,0,2,8191,8191,0,0,0,0,1,0,31,7,3,0,15,254,15
616110,2025-01-31 01:51:26.235469,0.13899999999999998,8,19.719622,0.139,7,0xcaf00370,0,0,2,8191,8191,0,0,0,0,1,0,31,7,3,0,15,254,15
617810,2025-01-31 01:51:26.286167,50.698,8,19.77032,50.698,7,0xcaf00370,0,0,2,8191,8191,1,0,0,0,1,0,31,7,3,0,15,254,15
617817,2025-01-31 01:51:26.286491,0.324,8,19.770644,0.324,1,0xcaf00370,0,0,2,8191,8191,1,0,0,0,1,0,31,7,3,0,15,254,15
619701,2025-01-31 01:51:26.345990,59.499,8,19.830144,59.5,7,0xcaf00370,0,0,2,8191,8191,2,0,0,0,1,0,31,7,3,0,15,254,15
619703,2025-01-31 01:51:26.346013,0.023,8,19.830167,0.023,1,0xcaf00370,0,0,2,8191,8191,2,0,0,0,1,0,31,7,3,0,15,254,15
621389,2025-01-31 01:51:26.395285,49.272000000000006,8,19.879438,49.271,1,0xcaf00370,0,0,2,8191,8191,3,0,0,0,1,0,31,7,3,0,15,254,15
621394,2025-01-31 01:51:26.395383,0.098,8,19.879536,0.098,7,0xcaf00370,0,0,2,8191,8191,3,0,0,0,1,0,31,7,3,0,15,254,15
623254,2025-01-31 01:51:26.455139,59.75599999999999,8,19.939293,59.757,1,0xcaf00370,0,0,2,8191,8191,0,0,0,0,1,0,31,7,3,0,15,254,15
623263,2025-01-31 01:51:26.455321,0.182,8,19.939475,0.182,7,0xcaf00370,0,0,2,8191,8191,0,0,0,0,1,0,31,7,3,0,15,254,15
624939,2025-01-31 01:51:26.505004,49.683,8,19.989158,49.683,7,0xcaf00370,0,0,2,8191,8191,1,0,0,0,1,0,31,7,3,0,15,254,15
624940,2025-01-31 01:51:26.505015,0.011,8,19.989169,0.011,1,0xcaf00370,0,0,2,8191,8191,1,0,0,0,1,0,31,7,3,0,15,254,15
626860,2025-01-31 01:51:26.565586,60.571,8,20.04974,60.571,1,0xcaf00370,0,0,2,8191,8191,2,0,0,0,1,0,31,7,3,0,15,254,15
626861,2025-01-31 01:51:26.565590,0.004,8,20.049744,0.004,7,0xcaf00370,0,0,2,8191,8191,2,0,0,0,1,0,31,7,3,0,15,254,15
628475,2025-01-31 01:51:26.615035,49.445,8,20.099189,49.445,7,0xcaf00370,0,0,2,8191,8191,3,0,0,0,1,0,31,7,3,0,15,254,15
628482,2025-01-31 01:51:26.615172,0.13699999999999998,8,20.099325,0.136,1,0xcaf00370,0,0,2,8191,8191,3,0,0,0,1,0,31,7,3,0,15,254,15
630422,2025-01-31 01:51:26.675107,59.935,8,20.15926,59.935,7,0xcaf00370,0,0,2,8191,8191,0,0,0,0,1,0,31,7,3,0,15,254,15
630424,2025-01-31 01:51:26.675160,0.053,8,20.159314,0.054,1,0xcaf00370,0,0,2,8191,8191,0,0,0,0,1,0,31,7,3,0,15,254,15
632021,2025-01-31 01:51:26.725245,50.085,8,20.209399,50.085,1,0xcaf00370,0,0,2,8191,8191,1,0,0,0,1,0,31,7,3,0,15,254,15
632028,2025-01-31 01:51:26.725465,0.22,8,20.209619,0.22,7,0xcaf00370,0,0,2,8191,8191,1,0,0,0,1,0,31,7,3,0,15,254,15
634031,2025-01-31 01:51:26.785730,60.265,8,20.269883,60.264,1,0xcaf00370,0,0,2,8191,8191,2,0,0,0,1,0,31,7,3,0,15,254,15
634032,2025-01-31 01:51:26.785739,0.009000000000000001,8,20.269892,0.009,7,0xcaf00370,0,0,2,8191,8191,2,0,0,0,1,0,31,7,3,0,15,254,15
635595,2025-01-31 01:51:26.835472,49.733,8,20.319626,49.734,1,0xcaf00370,0,0,2,8191,8191,3,0,0,0,1,0,31,7,3,0,15,254,15
635613,2025-01-31 01:51:26.835998,0.526,8,20.320152,0.526,7,0xcaf00370,0,0,2,8191,8191,3,0,0,0,1,0,31,7,3,0,15,254,15
637960,2025-01-31 01:51:26.905017,69.01899999999999,8,20.389171,69.019,1,0xcaf00370,0,0,2,8191,8191,0,0,0,0,1,0,31,7,3,0,15,254,15
637963,2025-01-31 01:51:26.905051,0.034,8,20.389205,0.034,7,0xcaf00370,0,0,2,8191,8191,0,0,0,0,1,0,31,7,3,0,15,254,15
639532,2025-01-31 01:51:26.955296,50.245,8,20.439449,50.244,1,0xcaf00370,0,0,2,8191,8191,1,0,0,0,1,0,31,7,3,0,15,254,15
639561,2025-01-31 01:51:26.955839,0.5429999999999999,8,20.439993,0.544,7,0xcaf00370,0,0,2,8191,8191,1,0,0,0,1,0,31,7,3,0,15,254,15
641574,2025-01-31 01:51:27.015302,59.463,8,20.499456,59.463,1,0xcaf00370,0,0,2,8191,8191,2,0,0,0,1,0,31,7,3,0,15,254,15
641581,2025-01-31 01:51:27.015441,0.13899999999999998,8,20.499594,0.138,7,0xcaf00370,0,0,2,8191,8191,2,0,0,0,1,0,31,7,3,0,15,254,15
643155,2025-01-31 01:51:27.065323,49.882000000000005,8,20.549477,49.883,1,0xcaf00370,0,0,2,8191,8191,3,0,0,0,1,0,31,7,3,0,15,254,15
643159,2025-01-31 01:51:27.065444,0.121,8,20.549597,0.12,7,0xcaf00370,0,0,2,8191,8191,3,0,0,0,1,0,31,7,3,0,15,254,15
645060,2025-01-31 01:51:27.125008,59.564,8,20.609161,59.564,1,0xcaf00370,0,0,2,8191,8191,0,0,0,0,1,0,31,7,3,0,15,254,15
645065,2025-01-31 01:51:27.125092,0.08399999999999999,8,20.609246,0.085,7,0xcaf00370,0,0,2,8191,8191,0,0,0,0,1,0,31,7,3,0,15,254,15
646720,2025-01-31 01:51:27.175101,50.009,8,20.659254,50.008,1,0xcaf00370,0,0,2,8191,8191,1,0,0,0,1,0,31,7,3,0,15,254,15
646744,2025-01-31 01:51:27.175734,0.633,8,20.659887,0.633,7,0xcaf00370,0,0,2,8191,8191,1,0,0,0,1,0,31,7,3,0,15,254,15
649295,2025-01-31 01:51:27.255169,79.435,8,20.739323,79.436,1,0xcaf00370,0,0,2,8191,8191,2,0,0,0,1,0,31,7,3,0,15,254,15
649305,2025-01-31 01:51:27.255432,0.263,8,20.739586,0.263,7,0xcaf00370,0,0,2,8191,8191,2,0,0,0,1,0,31,7,3,0,15,254,15
651037,2025-01-31 01:51:27.307476,52.044,8,20.791629,52.043,1,0xcaf00370,0,0,2,8191,8191,3,0,0,0,1,0,31,7,3,0,15,254,15
651043,2025-01-31 01:51:27.307708,0.232,8,20.791861,0.232,7,0xcaf00370,0,0,2,8191,8191,3,0,0,0,1,0,31,7,3,0,15,254,15
652655,2025-01-31 01:51:27.356918,49.209999999999994,8,20.841072,49.211,1,0xcaf00370,0,0,2,8191,8191,0,0,0,0,1,0,31,7,3,0,15,254,15
652659,2025-01-31 01:51:27.356994,0.076,8,20.841148,0.076,7,0xcaf00370,0,0,2,8191,8191,0,0,0,0,1,0,31,7,3,0,15,254,15
654254,2025-01-31 01:51:27.405482,48.48800000000001,8,20.889636,48.488,1,0xcaf00370,0,0,2,8191,8191,1,0,0,0,1,0,31,7,3,0,15,254,15
654259,2025-01-31 01:51:27.405630,0.148,8,20.889784,0.148,7,0xcaf00370,0,0,2,8191,8191,1,0,0,0,1,0,31,7,3,0,15,254,15
656202,2025-01-31 01:51:27.466335,60.705000000000005,8,20.950489,60.705,7,0xcaf00370,0,0,2,8191,8191,2,0,0,0,1,0,31,7,3,0,15,254,15
656205,2025-01-31 01:51:27.466465,0.12999999999999998,8,20.950619,0.13,1,0xcaf00370,0,0,2,8191,8191,2,0,0,0,1,0,31,7,3,0,15,254,15
657818,2025-01-31 01:51:27.515088,48.623,8,20.999242,48.623,1,0xcaf00370,0,0,2,8191,8191,3,0,0,0,1,0,31,7,3,0,15,254,15
657821,2025-01-31 01:51:27.515115,0.027,8,20.999268,0.026,7,0xcaf00370,0,0,2,8191,8191,3,0,0,0,1,0,31,7,3,0,15,254,15
659715,2025-01-31 01:51:27.575112,59.997,8,21.059265,59.997,1,0xcaf00370,0,0,2,8191,8191,0,0,0,0,1,0,31,7,3,0,15,254,15
659716,2025-01-31 01:51:27.575134,0.022,8,21.059287,0.022,7,0xcaf00370,0,0,2,8191,8191,0,0,0,0,1,0,31,7,3,0,15,254,15
661338,2025-01-31 01:51:27.625419,50.285000000000004,8,21.109573,50.286,1,0xcaf00370,0,0,2,8191,8191,1,0,0,0,1,0,31,7,3,0,15,254,15
661344,2025-01-31 01:51:27.625616,0.19699999999999998,8,21.10977,0.197,7,0xcaf00370,0,0,2,8191,8191,1,0,0,0,1,0,31,7,3,0,15,254,15
663634,2025-01-31 01:51:27.695285,69.669,8,21.179438,69.668,1,0xcaf00370,0,0,2,8191,8191,2,0,0,0,1,0,31,7,3,0,15,254,15
663645,2025-01-31 01:51:27.695554,0.26899999999999996,8,21.179707,0.269,7,0xcaf00370,0,0,2,8191,8191,2,0,0,0,1,0,31,7,3,0,15,254,15
665313,2025-01-31 01:51:27.750158,54.604,8,21.234311,54.604,7,0xcaf00370,0,0,2,8191,8191,3,0,0,0,1,0,31,7,3,0,15,254,15
665314,2025-01-31 01:51:27.750209,0.051,8,21.234363,0.052,1,0xcaf00370,0,0,2,8191,8191,3,0,0,0,1,0,31,7,3,0,15,254,15
667186,2025-01-31 01:51:27.804976,54.767,8,21.28913,54.767,1,0xcaf00370,0,0,2,8191,8191,0,0,0,0,1,0,31,7,3,0,15,254,15
667197,2025-01-31 01:51:27.805180,0.204,8,21.289333,0.203,7,0xcaf00370,0,0,2,8191,8191,0,0,0,0,1,0,31,7,3,0,15,254,15
668832,2025-01-31 01:51:27.855282,50.102000000000004,8,21.339435,50.102,1,0xcaf00370,0,0,2,8191,8191,1,0,0,0,1,0,31,7,3,0,15,254,15
668842,2025-01-31 01:51:27.855503,0.221,8,21.339656,0.221,7,0xcaf00370,0,0,2,8191,8191,1,0,0,0,1,0,31,7,3,0,15,254,15
670850,2025-01-31 01:51:27.914999,59.496,8,21.399152,59.496,1,0xcaf00370,0,0,2,8191,8191,2,0,0,0,1,0,31,7,3,0,15,254,15
670875,2025-01-31 01:51:27.915693,0.694,8,21.399846,0.694,7,0xcaf00370,0,0,2,8191,8191,2,0,0,0,1,0,31,7,3,0,15,254,15
672489,2025-01-31 01:51:27.965980,50.287,8,21.450134,50.288,1,0xcaf00370,0,0,2,8191,8191,3,0,0,0,1,0,31,7,3,0,15,254,15
672497,2025-01-31 01:51:27.966240,0.25999999999999995,8,21.450394,0.26,7,0xcaf00370,0,0,2,8191,8191,3,0,0,0,1,0,31,7,3,0,15,254,15
674237,2025-01-31 01:51:28.015268,49.028,8,21.499421,49.027,1,0xcaf00370,0,0,2,8191,8191,0,0,0,0,1,0,31,7,3,0,15,254,15
674248,2025-01-31 01:51:28.015546,0.27799999999999997,8,21.4997,0.279,7,0xcaf00370,0,0,2,8191,8191,0,0,0,0,1,0,31,7,3,0,15,254,15
675846,2025-01-31 01:51:28.065444,49.897999999999996,8,21.549598,49.898,1,0xcaf00370,0,0,2,8191,8191,1,0,0,0,1,0,31,7,3,0,15,254,15
675854,2025-01-31 01:51:28.065857,0.41300000000000003,8,21.550011,0.413,7,0xcaf00370,0,0,2,8191,8191,1,0,0,0,1,0,31,7,3,0,15,254,15
677771,2025-01-31 01:51:28.125406,59.549,8,21.609559,59.548,7,0xcaf00370,0,0,2,8191,8191,2,0,0,0,1,0,31,7,3,0,15,254,15
677772,2025-01-31 01:51:28.125413,0.007,8,21.609566,0.007,1,0xcaf00370,0,0,2,8191,8191,2,0,0,0,1,0,31,7,3,0,15,254,15
679431,2025-01-31 01:51:28.175317,49.903999999999996,8,21.659471,49.905,1,0xcaf00370,0,0,2,8191,8191,3,0,0,0,1,0,31,7,3,0,15,254,15
679434,2025-01-31 01:51:28.175507,0.19,8,21.659661,0.19,7,0xcaf00370,0,0,2,8191,8191,3,0,0,0,1,0,31,7,3,0,15,254,15
681333,2025-01-31 01:51:28.235109,59.602000000000004,8,21.719262,59.601,7,0xcaf00370,0,0,2,8191,8191,0,0,0,0,1,0,31,7,3,0,15,254,15
681335,2025-01-31 01:51:28.235159,0.05,8,21.719312,0.05,1,0xcaf00370,0,0,2,8191,8191,0,0,0,0,1,0,31,7,3,0,15,254,15
683008,2025-01-31 01:51:28.285126,49.967,8,21.76928,49.968,1,0xcaf00370,0,0,2,8191,8191,1,0,0,0,1,0,31,7,3,0,15,254,15
683027,2025-01-31 01:51:28.285580,0.45399999999999996,8,21.769733,0.453,7,0xcaf00370,0,0,2,8191,8191,1,0,0,0,1,0,31,7,3,0,15,254,15
684926,2025-01-31 01:51:28.345495,59.915000000000006,8,21.829648,59.915,1,0xcaf00370,0,0,2,8191,8191,2,0,0,0,1,0,31,7,3,0,15,254,15
684939,2025-01-31 01:51:28.345716,0.221,8,21.82987,0.222,7,0xcaf00370,0,0,2,8191,8191,2,0,0,0,1,0,31,7,3,0,15,254,15
686643,2025-01-31 01:51:28.395218,49.501999999999995,8,21.879371,49.501,1,0xcaf00370,0,0,2,8191,8191,3,0,0,0,1,0,31,7,3,0,15,254,15
686650,2025-01-31 01:51:28.395457,0.23900000000000002,8,21.879611,0.24,7,0xcaf00370,0,0,2,8191,8191,3,0,0,0,1,0,31,7,3,0,15,254,15
688573,2025-01-31 01:51:28.456665,61.208,8,21.940818,61.207,1,0xcaf00370,0,0,2,8191,8191,0,0,0,0,1,0,31,7,3,0,15,254,15
688575,2025-01-31 01:51:28.456755,0.09000000000000001,8,21.940908,0.09,7,0xcaf00370,0,0,2,8191,8191,0,0,0,0,1,0,31,7,3,0,15,254,15
690177,2025-01-31 01:51:28.504980,48.224999999999994,8,21.989134,48.226,1,0xcaf00370,0,0,2,8191,8191,1,0,0,0,1,0,31,7,3,0,15,254,15
690188,2025-01-31 01:51:28.505161,0.18100000000000002,8,21.989314,0.18,7,0xcaf00370,0,0,2,8191,8191,1,0,0,0,1,0,31,7,3,0,15,254,15
692121,2025-01-31 01:51:28.565368,60.206999999999994,8,22.049521,60.207,1,0xcaf00370,0,0,2,8191,8191,2,0,0,0,1,0,31,7,3,0,15,254,15
692123,2025-01-31 01:51:28.565397,0.029,8,22.04955,0.029,7,0xcaf00370,0,0,2,8191,8191,2,0,0,0,1,0,31,7,3,0,15,254,15
693729,2025-01-31 01:51:28.615141,49.744,8,22.099295,49.745,1,0xcaf00370,0,0,2,8191,8191,3,0,0,0,1,0,31,7,3,0,15,254,15
693765,2025-01-31 01:51:28.615927,0.786,8,22.100081,0.786,7,0xcaf00370,0,0,2,8191,8191,3,0,0,0,1,0,31,7,3,0,15,254,15
695681,2025-01-31 01:51:28.675155,59.228,8,22.159309,59.228,1,0xcaf00370,0,0,2,8191,8191,0,0,0,0,1,0,31,7,3,0,15,254,15
695682,2025-01-31 01:51:28.675226,0.07100000000000001,8,22.159379,0.07,7,0xcaf00370,0,0,2,8191,8191,0,0,0,0,1,0,31,7,3,0,15,254,15
697398,2025-01-31 01:51:28.728800,53.574,8,22.212953,53.574,1,0xcaf00370,0,0,2,8191,8191,1,0,0,0,1,0,31,7,3,0,15,254,15
697400,2025-01-31 01:51:28.728963,0.163,8,22.213116,0.163,7,0xcaf00370,0,0,2,8191,8191,1,0,0,0,1,0,31,7,3,0,15,254,15
699344,2025-01-31 01:51:28.785346,56.383,8,22.269499,56.383,1,0xcaf00370,0,0,2,8191,8191,2,0,0,0,1,0,31,7,3,0,15,254,15
699362,2025-01-31 01:51:28.785806,0.46,8,22.26996,0.461,7,0xcaf00370,0,0,2,8191,8191,2,0,0,0,1,0,31,7,3,0,15,254,15
700897,2025-01-31 01:51:28.834855,49.049,8,22.319009,49.049,1,0xcaf00370,0,0,2,8191,8191,3,0,0,0,1,0,31,7,3,0,15,254,15
700926,2025-01-31 01:51:28.835327,0.472,8,22.31948,0.471,7,0xcaf00370,0,0,2,8191,8191,3,0,0,0,1,0,31,7,3,0,15,254,15
702976,2025-01-31 01:51:28.895403,60.076,8,22.379557,60.077,1,0xcaf00370,0,0,2,8191,8191,0,0,0,0,1,0,31,7,3,0,15,254,15
703011,2025-01-31 01:51:28.896156,0.753,8,22.380309,0.752,7,0xcaf00370,0,0,2,8191,8191,0,0,0,0,1,0,31,7,3,0,15,254,15
704475,2025-01-31 01:51:28.944977,48.821000000000005,8,22.42913,48.821,1,0xcaf00370,0,0,2,8191,8191,1,0,0,0,1,0,31,7,3,0,15,254,15
704495,2025-01-31 01:51:28.945378,0.40099999999999997,8,22.429531,0.401,7,0xcaf00370,0,0,2,8191,8191,1,0,0,0,1,0,31,7,3,0,15,254,15
706535,2025-01-31 01:51:29.004739,59.361,8,22.488893,59.362,7,0xcaf00370,0,0,2,8191,8191,2,0,0,0,1,0,31,7,3,0,15,254,15
706542,2025-01-31 01:51:29.004889,0.15,8,22.489042,0.149,1,0xcaf00370,0,0,2,8191,8191,2,0,0,0,1,0,31,7,3,0,15,254,15
708144,2025-01-31 01:51:29.055577,50.687999999999995,8,22.539731,50.689,1,0xcaf00370,0,0,2,8191,8191,3,0,0,0,1,0,31,7,3,0,15,254,15
708147,2025-01-31 01:51:29.055628,0.051,8,22.539782,0.051,7,0xcaf00370,0,0,2,8191,8191,3,0,0,0,1,0,31,7,3,0,15,254,15
710073,2025-01-31 01:51:29.115045,59.416999999999994,8,22.599198,59.416,1,0xcaf00370,0,0,2,8191,8191,0,0,0,0,1,0,31,7,3,0,15,254,15
710099,2025-01-31 01:51:29.115707,0.662,8,22.599861,0.663,7,0xcaf00370,0,0,2,8191,8191,0,0,0,0,1,0,31,7,3,0,15,254,15
711766,2025-01-31 01:51:29.165406,49.699,8,22.64956,49.699,1,0xcaf00370,0,0,2,8191,8191,1,0,0,0,1,0,31,7,3,0,15,254,15
711771,2025-01-31 01:51:29.165543,0.13699999999999998,8,22.649696,0.136,7,0xcaf00370,0,0,2,8191,8191,1,0,0,0,1,0,31,7,3,0,15,254,15
713725,2025-01-31 01:51:29.226102,60.559000000000005,8,22.710255,60.559,1,0xcaf00370,0,0,2,8191,8191,2,0,0,0,1,0,31,7,3,0,15,254,15
713729,2025-01-31 01:51:29.226243,0.14100000000000001,8,22.710397,0.142,7,0xcaf00370,0,0,2,8191,8191,2,0,0,0,1,0,31,7,3,0,15,254,15
715346,2025-01-31 01:51:29.275478,49.235,8,22.759632,49.235,7,0xcaf00370,0,0,2,8191,8191,3,0,0,0,1,0,31,7,3,0,15,254,15
715357,2025-01-31 01:51:29.275711,0.23299999999999998,8,22.759864,0.232,1,0xcaf00370,0,0,2,8191,8191,3,0,0,0,1,0,31,7,3,0,15,254,15
717264,2025-01-31 01:51:29.335699,59.988,8,22.819852,59.988,7,0xcaf00370,0,0,2,8191,8191,0,0,0,0,1,0,31,7,3,0,15,254,15
717265,2025-01-31 01:51:29.335707,0.008,8,22.81986,0.008,1,0xcaf00370,0,0,2,8191,8191,0,0,0,0,1,0,31,7,3,0,15,254,15
718956,2025-01-31 01:51:29.385796,50.089,8,22.869949,50.089,1,0xcaf00370,0,0,2,8191,8191,1,0,0,0,1,0,31,7,3,0,15,254,15
718963,2025-01-31 01:51:29.386011,0.215,8,22.870164,0.215,7,0xcaf00370,0,0,2,8191,8191,1,0,0,0,1,0,31,7,3,0,15,254,15
720818,2025-01-31 01:51:29.444930,58.919,8,22.929084,58.92,1,0xcaf00370,0,0,2,8191,8191,2,0,0,0,1,0,31,7,3,0,15,254,15
720837,2025-01-31 01:51:29.445317,0.38699999999999996,8,22.929471,0.387,7,0xcaf00370,0,0,2,8191,8191,2,0,0,0,1,0,31,7,3,0,15,254,15
722506,2025-01-31 01:51:29.495137,49.82,8,22.979291,49.82,7,0xcaf00370,0,0,2,8191,8191,3,0,0,0,1,0,31,7,3,0,15,254,15
722523,2025-01-31 01:51:29.495458,0.321,8,22.979612,0.321,1,0xcaf00370,0,0,2,8191,8191,3,0,0,0,1,0,31,7,3,0,15,254,15
724361,2025-01-31 01:51:29.554830,59.372,8,23.038984,59.372,1,0xcaf00370,0,0,2,8191,8191,0,0,0,0,1,0,31,7,3,0,15,254,15
724365,2025-01-31 01:51:29.554924,0.094,8,23.039077,0.093,7,0xcaf00370,0,0,2,8191,8191,0,0,0,0,1,0,31,7,3,0,15,254,15
726007,2025-01-31 01:51:29.604786,49.861999999999995,8,23.08894,49.863,1,0xcaf00370,0,0,2,8191,8191,1,0,0,0,1,0,31,7,3,0,15,254,15
726012,2025-01-31 01:51:29.604851,0.06499999999999999,8,23.089005,0.065,7,0xcaf00370,0,0,2,8191,8191,1,0,0,0,1,0,31,7,3,0,15,254,15
727618,2025-01-31 01:51:29.655226,50.375,8,23.139379,50.374,1,0xcaf00370,0,0,2,8191,8191,2,0,0,0,1,0,31,7,3,0,15,254,15
727631,2025-01-31 01:51:29.655435,0.20900000000000002,8,23.139589,0.21,7,0xcaf00370,0,0,2,8191,8191,2,0,0,0,1,0,31,7,3,0,15,254,15
729266,2025-01-31 01:51:29.704821,49.386,8,23.188975,49.386,1,0xcaf00370,0,0,2,8191,8191,3,0,0,0,1,0,31,7,3,0,15,254,15
