logIndex,logTime,¦¤logTime[ms],length,timeStamp[s],¦¤timeStamp[ms],seq,ID,msgcnt,¦¤msgcnt,Path Index,Offset,Offset(Adj),Cyclic Counter,Last Stub at Offset,Rerouting Flag,Sub-path Index,Retransmission,Update,Relative Probability,Functional Road Class,Part of Calculated route,Expressway Flag,Form of Way,Turn angle,Number of Lanes in driving direction
737,2025-01-31 04:05:42.020936,0.0,8,3719.996361,0.0,7,0xcaf00370,0,0,31,7558,7558,3,1,0,6,1,0,30,1,2,1,1,253,3
738,2025-01-31 04:05:42.020957,0.020999999999999998,8,3719.996381,0.02,1,0xcaf00370,0,0,31,7558,7558,3,1,0,6,1,0,30,1,2,1,1,253,3
2390,2025-01-31 04:05:42.071225,50.268,8,3720.04665,50.269,7,0xcaf00370,0,0,31,7605,7605,0,1,0,6,1,0,30,1,2,1,1,1,3
2402,2025-01-31 04:05:42.071492,0.26699999999999996,8,3720.046917,0.267,1,0xcaf00370,0,0,31,7605,7605,0,1,0,6,1,0,30,1,2,1,1,1,3
4400,2025-01-31 04:05:42.130679,59.187,8,3720.106104,59.187,7,0xcaf00370,0,0,31,1989,10180,1,1,0,6,1,0,30,1,2,1,1,251,3
4413,2025-01-31 04:05:42.130950,0.27099999999999996,8,3720.106375,0.271,1,0xcaf00370,0,0,31,1989,10180,1,1,0,6,1,0,30,1,2,1,1,251,3
6077,2025-01-31 04:05:42.180947,49.997,8,3720.156372,49.997,7,0xcaf00370,0,0,31,3232,11423,2,1,0,6,1,0,30,1,2,1,1,253,3
6087,2025-01-31 04:05:42.181204,0.257,8,3720.156629,0.257,1,0xcaf00370,0,0,31,3232,11423,2,1,0,6,1,0,30,1,2,1,1,253,3
7873,2025-01-31 04:05:42.231699,50.495,8,3720.207124,50.495,1,0xcaf00370,0,0,31,3270,11461,3,1,0,6,1,0,30,1,2,1,1,253,3
7874,2025-01-31 04:05:42.231738,0.039,8,3720.207162,0.038,7,0xcaf00370,0,0,31,3270,11461,3,1,0,6,1,0,30,1,2,1,1,253,3
9503,2025-01-31 04:05:42.280802,49.064,8,3720.256227,49.065,7,0xcaf00370,0,0,31,3669,11860,0,1,0,6,1,0,30,1,2,1,1,0,3
9511,2025-01-31 04:05:42.280953,0.15100000000000002,8,3720.256377,0.15,1,0xcaf00370,0,0,31,3669,11860,0,1,0,6,1,0,30,1,2,1,1,0,3
11243,2025-01-31 04:05:42.331911,50.958000000000006,8,3720.307335,50.958,1,0xcaf00370,0,0,31,4061,12252,1,1,0,6,1,0,30,1,2,1,1,3,3
11250,2025-01-31 04:05:42.332142,0.231,8,3720.307567,0.232,7,0xcaf00370,0,0,31,4061,12252,1,1,0,6,1,0,30,1,2,1,1,3,3
15209,2025-01-31 04:05:42.451751,119.609,8,3720.427175,119.608,7,0xcaf00370,0,0,31,5637,5637,2,1,0,6,1,0,30,1,2,1,1,0,3
15229,2025-01-31 04:05:42.452036,0.285,8,3720.42746,0.285,1,0xcaf00370,0,0,31,5637,5637,2,1,0,6,1,0,30,1,2,1,1,0,3
16780,2025-01-31 04:05:42.500811,48.775,8,3720.476236,48.776,7,0xcaf00370,0,0,31,5852,5852,3,1,0,6,1,0,30,1,2,1,1,1,3
16783,2025-01-31 04:05:42.500932,0.121,8,3720.476356,0.12,1,0xcaf00370,0,0,31,5852,5852,3,1,0,6,1,0,30,1,2,1,1,1,3
18711,2025-01-31 04:05:42.560706,59.774,8,3720.536131,59.775,7,0xcaf00370,0,0,31,5920,5920,0,0,0,6,1,0,22,1,2,1,1,3,3
18716,2025-01-31 04:05:42.560991,0.285,8,3720.536416,0.285,1,0xcaf00370,0,0,31,5920,5920,0,0,0,6,1,0,22,1,2,1,1,3,3
20405,2025-01-31 04:05:42.611022,50.031,8,3720.586447,50.031,7,0xcaf00370,0,0,31,5920,5920,1,1,0,44,1,0,8,2,0,1,9,0,1
20420,2025-01-31 04:05:42.611304,0.28200000000000003,8,3720.586728,0.281,1,0xcaf00370,0,0,31,5920,5920,1,1,0,44,1,0,8,2,0,1,9,0,1
22396,2025-01-31 04:05:42.670958,59.653999999999996,8,3720.646383,59.655,7,0xcaf00370,0,0,31,6227,6227,2,1,0,6,1,0,30,1,2,1,1,0,3
22406,2025-01-31 04:05:42.671237,0.279,8,3720.646662,0.279,1,0xcaf00370,0,0,31,6227,6227,2,1,0,6,1,0,30,1,2,1,1,0,3
24031,2025-01-31 04:05:42.720669,49.431999999999995,8,3720.696093,49.431,7,0xcaf00370,0,0,31,6301,6301,3,0,0,6,1,0,30,1,2,1,1,0,3
24040,2025-01-31 04:05:42.720951,0.28200000000000003,8,3720.696376,0.283,1,0xcaf00370,0,0,31,6301,6301,3,0,0,6,1,0,30,1,2,1,1,0,3
25788,2025-01-31 04:05:42.771508,50.556999999999995,8,3720.746932,50.556,7,0xcaf00370,0,0,31,6301,6301,0,1,0,45,1,0,0,2,0,0,10,135,0
25804,2025-01-31 04:05:42.771852,0.34400000000000003,8,3720.747277,0.345,1,0xcaf00370,0,0,31,6301,6301,0,1,0,45,1,0,0,2,0,0,10,135,0
27423,2025-01-31 04:05:42.820961,49.109,8,3720.796386,49.109,7,0xcaf00370,0,0,31,6337,6337,1,1,0,6,1,0,30,1,2,1,1,1,3
27435,2025-01-31 04:05:42.821225,0.264,8,3720.79665,0.264,1,0xcaf00370,0,0,31,6337,6337,1,1,0,6,1,0,30,1,2,1,1,1,3
29826,2025-01-31 04:05:42.890948,69.723,8,3720.866373,69.723,7,0xcaf00370,0,0,31,6615,6615,2,1,0,6,1,0,30,1,2,1,1,0,3
29836,2025-01-31 04:05:42.891192,0.244,8,3720.866617,0.244,1,0xcaf00370,0,0,31,6615,6615,2,1,0,6,1,0,30,1,2,1,1,0,3
31456,2025-01-31 04:05:42.940998,49.806000000000004,8,3720.916423,49.806,7,0xcaf00370,0,0,31,6671,6671,3,1,0,6,1,0,30,1,2,1,1,253,3
31466,2025-01-31 04:05:42.941245,0.247,8,3720.91667,0.247,1,0xcaf00370,0,0,31,6671,6671,3,1,0,6,1,0,30,1,2,1,1,253,3
33458,2025-01-31 04:05:43.000996,59.751,8,3720.97642,59.75,7,0xcaf00370,0,0,31,7558,7558,0,1,0,6,1,0,30,1,2,1,1,253,3
33468,2025-01-31 04:05:43.001233,0.237,8,3720.976658,0.238,1,0xcaf00370,0,0,31,7558,7558,0,1,0,6,1,0,30,1,2,1,1,253,3
35160,2025-01-31 04:05:43.052113,50.88,8,3721.027538,50.88,7,0xcaf00370,0,0,31,7605,7605,1,1,0,6,1,0,30,1,2,1,1,1,3
35173,2025-01-31 04:05:43.052423,0.31,8,3721.027847,0.309,1,0xcaf00370,0,0,31,7605,7605,1,1,0,6,1,0,30,1,2,1,1,1,3
37417,2025-01-31 04:05:43.120824,68.40100000000001,8,3721.096249,68.402,7,0xcaf00370,0,0,31,1989,10180,2,1,0,6,1,0,30,1,2,1,1,251,3
37421,2025-01-31 04:05:43.121044,0.22,8,3721.096469,0.22,1,0xcaf00370,0,0,31,1989,10180,2,1,0,6,1,0,30,1,2,1,1,251,3
39128,2025-01-31 04:05:43.170890,49.846000000000004,8,3721.146314,49.845,7,0xcaf00370,0,0,31,3232,11423,3,1,0,6,1,0,30,1,2,1,1,253,3
39134,2025-01-31 04:05:43.171105,0.215,8,3721.14653,0.216,1,0xcaf00370,0,0,31,3232,11423,3,1,0,6,1,0,30,1,2,1,1,253,3
41461,2025-01-31 04:05:43.241018,69.913,8,3721.216442,69.912,7,0xcaf00370,0,0,31,3270,11461,0,1,0,6,1,0,30,1,2,1,1,253,3
41468,2025-01-31 04:05:43.241222,0.204,8,3721.216646,0.204,1,0xcaf00370,0,0,31,3270,11461,0,1,0,6,1,0,30,1,2,1,1,253,3
43169,2025-01-31 04:05:43.290873,49.651,8,3721.266298,49.652,7,0xcaf00370,0,0,31,3669,11860,1,1,0,6,1,0,30,1,2,1,1,0,3
43173,2025-01-31 04:05:43.291071,0.19799999999999998,8,3721.266495,0.197,1,0xcaf00370,0,0,31,3669,11860,1,1,0,6,1,0,30,1,2,1,1,0,3
44801,2025-01-31 04:05:43.341022,49.951,8,3721.316447,49.952,7,0xcaf00370,0,0,31,4061,12252,2,1,0,6,1,0,30,1,2,1,1,3,3
44807,2025-01-31 04:05:43.341212,0.19,8,3721.316636,0.189,1,0xcaf00370,0,0,31,4061,12252,2,1,0,6,1,0,30,1,2,1,1,3,3
48463,2025-01-31 04:05:43.451294,110.082,8,3721.426719,110.083,7,0xcaf00370,0,0,31,5637,5637,3,1,0,6,1,0,30,1,2,1,1,0,3
48477,2025-01-31 04:05:43.451549,0.255,8,3721.426974,0.255,1,0xcaf00370,0,0,31,5637,5637,3,1,0,6,1,0,30,1,2,1,1,0,3
50121,2025-01-31 04:05:43.502714,51.165,8,3721.478139,51.165,7,0xcaf00370,0,0,31,5852,5852,0,1,0,6,1,0,30,1,2,1,1,1,3
50123,2025-01-31 04:05:43.502885,0.171,8,3721.47831,0.171,1,0xcaf00370,0,0,31,5852,5852,0,1,0,6,1,0,30,1,2,1,1,1,3
52021,2025-01-31 04:05:43.560767,57.882000000000005,8,3721.536192,57.882,7,0xcaf00370,0,0,31,5920,5920,1,0,0,6,1,0,22,1,2,1,1,3,3
52023,2025-01-31 04:05:43.560934,0.16699999999999998,8,3721.536358,0.166,1,0xcaf00370,0,0,31,5920,5920,1,0,0,6,1,0,22,1,2,1,1,3,3
53731,2025-01-31 04:05:43.611105,50.171,8,3721.58653,50.172,7,0xcaf00370,0,0,31,5920,5920,2,1,0,44,1,0,8,2,0,1,9,0,1
53738,2025-01-31 04:05:43.611267,0.162,8,3721.586691,0.161,1,0xcaf00370,0,0,31,5920,5920,2,1,0,44,1,0,8,2,0,1,9,0,1
55719,2025-01-31 04:05:43.671080,59.812999999999995,8,3721.646504,59.813,7,0xcaf00370,0,0,31,6227,6227,3,1,0,6,1,0,30,1,2,1,1,0,3
55724,2025-01-31 04:05:43.671239,0.159,8,3721.646664,0.16,1,0xcaf00370,0,0,31,6227,6227,3,1,0,6,1,0,30,1,2,1,1,0,3
57346,2025-01-31 04:05:43.720854,49.615,8,3721.696278,49.614,7,0xcaf00370,0,0,31,6301,6301,0,0,0,6,1,0,30,1,2,1,1,0,3
57347,2025-01-31 04:05:43.721008,0.154,8,3721.696433,0.155,1,0xcaf00370,0,0,31,6301,6301,0,0,0,6,1,0,30,1,2,1,1,0,3
59336,2025-01-31 04:05:43.780786,59.778,8,3721.75621,59.777,7,0xcaf00370,0,0,31,6301,6301,1,1,0,45,1,0,0,2,0,0,10,135,0
59337,2025-01-31 04:05:43.780941,0.155,8,3721.756366,0.156,1,0xcaf00370,0,0,31,6301,6301,1,1,0,45,1,0,0,2,0,0,10,135,0
61011,2025-01-31 04:05:43.830728,49.787,8,3721.806153,49.787,7,0xcaf00370,0,0,31,6337,6337,2,1,0,6,1,0,30,1,2,1,1,1,3
61014,2025-01-31 04:05:43.830884,0.156,8,3721.806309,0.156,1,0xcaf00370,0,0,31,6337,6337,2,1,0,6,1,0,30,1,2,1,1,1,3
62993,2025-01-31 04:05:43.891468,60.583999999999996,8,3721.866893,60.584,7,0xcaf00370,0,0,31,6615,6615,3,1,0,6,1,0,30,1,2,1,1,0,3
62995,2025-01-31 04:05:43.891625,0.157,8,3721.867049,0.156,1,0xcaf00370,0,0,31,6615,6615,3,1,0,6,1,0,30,1,2,1,1,0,3
64589,2025-01-31 04:05:43.940736,49.111000000000004,8,3721.91616,49.111,7,0xcaf00370,0,0,31,6671,6671,0,1,0,6,1,0,30,1,2,1,1,253,3
64592,2025-01-31 04:05:43.940891,0.155,8,3721.916316,0.156,1,0xcaf00370,0,0,31,6671,6671,0,1,0,6,1,0,30,1,2,1,1,253,3
66587,2025-01-31 04:05:44.000922,60.031,8,3721.976347,60.031,7,0xcaf00370,0,0,31,7558,7558,1,1,0,6,1,0,30,1,2,1,1,253,3
66588,2025-01-31 04:05:44.000922,0.0,8,3721.976347,0.0,1,0xcaf00370,0,0,31,7558,7558,1,1,0,6,1,0,30,1,2,1,1,253,3
68274,2025-01-31 04:05:44.051274,50.352000000000004,8,3722.026699,50.352,7,0xcaf00370,0,0,31,7605,7605,2,1,0,6,1,0,30,1,2,1,1,1,3
68280,2025-01-31 04:05:44.051431,0.157,8,3722.026856,0.157,1,0xcaf00370,0,0,31,7605,7605,2,1,0,6,1,0,30,1,2,1,1,1,3
69870,2025-01-31 04:05:44.101050,49.61900000000001,8,3722.076475,49.619,7,0xcaf00370,0,0,31,1989,10180,3,1,0,6,1,0,30,1,2,1,1,251,3
69873,2025-01-31 04:05:44.101206,0.156,8,3722.076631,0.156,1,0xcaf00370,0,0,31,1989,10180,3,1,0,6,1,0,30,1,2,1,1,251,3
71583,2025-01-31 04:05:44.151195,49.989,8,3722.12662,49.989,7,0xcaf00370,0,0,31,3232,11423,0,1,0,6,1,0,30,1,2,1,1,253,3
71588,2025-01-31 04:05:44.151264,0.06899999999999999,8,3722.126689,0.069,1,0xcaf00370,0,0,31,3232,11423,0,1,0,6,1,0,30,1,2,1,1,253,3
73613,2025-01-31 04:05:44.212028,60.763999999999996,8,3722.187453,60.764,1,0xcaf00370,0,0,31,3270,11461,1,1,0,6,1,0,30,1,2,1,1,253,3
73616,2025-01-31 04:05:44.212086,0.058,8,3722.187511,0.058,7,0xcaf00370,0,0,31,3270,11461,1,1,0,6,1,0,30,1,2,1,1,253,3
75292,2025-01-31 04:05:44.260750,48.664,8,3722.236175,48.664,7,0xcaf00370,0,0,31,3669,11860,2,1,0,6,1,0,30,1,2,1,1,0,3
75294,2025-01-31 04:05:44.260909,0.159,8,3722.236334,0.159,1,0xcaf00370,0,0,31,3669,11860,2,1,0,6,1,0,30,1,2,1,1,0,3
77185,2025-01-31 04:05:44.320829,59.92,8,3722.296253,59.919,7,0xcaf00370,0,0,31,4061,12252,3,1,0,6,1,0,30,1,2,1,1,3,3
77189,2025-01-31 04:05:44.320988,0.159,8,3722.296413,0.16,1,0xcaf00370,0,0,31,4061,12252,3,1,0,6,1,0,30,1,2,1,1,3,3
80840,2025-01-31 04:05:44.431204,110.216,8,3722.406629,110.216,7,0xcaf00370,0,0,31,5637,5637,0,1,0,6,1,0,30,1,2,1,1,0,3
80844,2025-01-31 04:05:44.431347,0.14300000000000002,8,3722.406772,0.143,1,0xcaf00370,0,0,31,5637,5637,0,1,0,6,1,0,30,1,2,1,1,0,3
82464,2025-01-31 04:05:44.481052,49.705,8,3722.456477,49.705,7,0xcaf00370,0,0,31,5852,5852,1,1,0,6,1,0,30,1,2,1,1,1,3
82469,2025-01-31 04:05:44.481209,0.157,8,3722.456634,0.157,1,0xcaf00370,0,0,31,5852,5852,1,1,0,6,1,0,30,1,2,1,1,1,3
84766,2025-01-31 04:05:44.551241,70.032,8,3722.526665,70.031,7,0xcaf00370,0,0,31,5920,5920,2,0,0,6,1,0,22,1,2,1,1,3,3
84775,2025-01-31 04:05:44.551389,0.148,8,3722.526814,0.149,1,0xcaf00370,0,0,31,5920,5920,2,0,0,6,1,0,22,1,2,1,1,3,3
86389,2025-01-31 04:05:44.600907,49.518,8,3722.576332,49.518,1,0xcaf00370,0,0,31,5920,5920,3,1,0,44,1,0,8,2,0,1,9,0,1
86390,2025-01-31 04:05:44.600925,0.018000000000000002,8,3722.57635,0.018,7,0xcaf00370,0,0,31,5920,5920,3,1,0,44,1,0,8,2,0,1,9,0,1
88510,2025-01-31 04:05:44.660810,59.885,8,3722.636234,59.884,7,0xcaf00370,0,0,31,6227,6227,0,1,0,6,1,0,30,1,2,1,1,0,3
88511,2025-01-31 04:05:44.660943,0.133,8,3722.636367,0.133,1,0xcaf00370,0,0,31,6227,6227,0,1,0,6,1,0,30,1,2,1,1,0,3
90162,2025-01-31 04:05:44.711251,50.308,8,3722.686676,50.309,7,0xcaf00370,0,0,31,6301,6301,1,0,0,6,1,0,30,1,2,1,1,0,3
90169,2025-01-31 04:05:44.711445,0.194,8,3722.68687,0.194,1,0xcaf00370,0,0,31,6301,6301,1,0,0,6,1,0,30,1,2,1,1,0,3
92163,2025-01-31 04:05:44.771269,59.824000000000005,8,3722.746694,59.824,7,0xcaf00370,0,0,31,6301,6301,2,1,0,45,1,0,0,2,0,0,10,135,0
92172,2025-01-31 04:05:44.771492,0.223,8,3722.746917,0.223,1,0xcaf00370,0,0,31,6301,6301,2,1,0,45,1,0,0,2,0,0,10,135,0
93781,2025-01-31 04:05:44.820805,49.313,8,3722.79623,49.313,7,0xcaf00370,0,0,31,6337,6337,3,1,0,6,1,0,30,1,2,1,1,1,3
93783,2025-01-31 04:05:44.820921,0.116,8,3722.796345,0.115,1,0xcaf00370,0,0,31,6337,6337,3,1,0,6,1,0,30,1,2,1,1,1,3
96170,2025-01-31 04:05:44.891271,70.35,8,3722.866696,70.351,7,0xcaf00370,0,0,31,6615,6615,0,1,0,6,1,0,30,1,2,1,1,0,3
96175,2025-01-31 04:05:44.891449,0.178,8,3722.866874,0.178,1,0xcaf00370,0,0,31,6615,6615,0,1,0,6,1,0,30,1,2,1,1,0,3
97764,2025-01-31 04:05:44.941092,49.643,8,3722.916517,49.643,7,0xcaf00370,0,0,31,6671,6671,1,1,0,6,1,0,30,1,2,1,1,253,3
97771,2025-01-31 04:05:44.941199,0.107,8,3722.916624,0.107,1,0xcaf00370,0,0,31,6671,6671,1,1,0,6,1,0,30,1,2,1,1,253,3
99748,2025-01-31 04:05:45.001147,59.948,8,3722.976571,59.947,7,0xcaf00370,0,0,31,7558,7558,2,1,0,6,1,0,30,1,2,1,1,253,3
99755,2025-01-31 04:05:45.001247,0.1,8,3722.976671,0.1,1,0xcaf00370,0,0,31,7558,7558,2,1,0,6,1,0,30,1,2,1,1,253,3
101468,2025-01-31 04:05:45.051569,50.321999999999996,8,3723.026993,50.322,7,0xcaf00370,0,0,31,7605,7605,3,1,0,6,1,0,30,1,2,1,1,1,3
101472,2025-01-31 04:05:45.051664,0.095,8,3723.027088,0.095,1,0xcaf00370,0,0,31,7605,7605,3,1,0,6,1,0,30,1,2,1,1,1,3
103073,2025-01-31 04:05:45.101152,49.488,8,3723.076577,49.489,7,0xcaf00370,0,0,31,1989,10180,0,1,0,6,1,0,30,1,2,1,1,251,3
103079,2025-01-31 04:05:45.101244,0.092,8,3723.076669,0.092,1,0xcaf00370,0,0,31,1989,10180,0,1,0,6,1,0,30,1,2,1,1,251,3
104804,2025-01-31 04:05:45.151573,50.329,8,3723.126998,50.329,7,0xcaf00370,0,0,31,3232,11423,1,1,0,6,1,0,30,1,2,1,1,253,3
104808,2025-01-31 04:05:45.151662,0.089,8,3723.127087,0.089,1,0xcaf00370,0,0,31,3232,11423,1,1,0,6,1,0,30,1,2,1,1,253,3
106780,2025-01-31 04:05:45.211306,59.644000000000005,8,3723.186731,59.644,7,0xcaf00370,0,0,31,3270,11461,2,1,0,6,1,0,30,1,2,1,1,253,3
106784,2025-01-31 04:05:45.211388,0.082,8,3723.186813,0.082,1,0xcaf00370,0,0,31,3270,11461,2,1,0,6,1,0,30,1,2,1,1,253,3
108561,2025-01-31 04:05:45.260864,49.476,8,3723.236289,49.476,7,0xcaf00370,0,0,31,3669,11860,3,1,0,6,1,0,30,1,2,1,1,0,3
108562,2025-01-31 04:05:45.260942,0.078,8,3723.236367,0.078,1,0xcaf00370,0,0,31,3669,11860,3,1,0,6,1,0,30,1,2,1,1,0,3
110519,2025-01-31 04:05:45.321504,60.562,8,3723.296928,60.561,7,0xcaf00370,0,0,31,4061,12252,0,1,0,6,1,0,30,1,2,1,1,3,3
110521,2025-01-31 04:05:45.321617,0.11299999999999999,8,3723.297042,0.114,1,0xcaf00370,0,0,31,4061,12252,0,1,0,6,1,0,30,1,2,1,1,3,3
114216,2025-01-31 04:05:45.431106,109.489,8,3723.406531,109.489,7,0xcaf00370,0,0,31,5637,5637,1,1,0,6,1,0,30,1,2,1,1,0,3
114218,2025-01-31 04:05:45.431169,0.063,8,3723.406594,0.063,1,0xcaf00370,0,0,31,5637,5637,1,1,0,6,1,0,30,1,2,1,1,0,3
115831,2025-01-31 04:05:45.480912,49.743,8,3723.456337,49.743,7,0xcaf00370,0,0,31,5852,5852,2,1,0,6,1,0,30,1,2,1,1,1,3
115832,2025-01-31 04:05:45.480973,0.061,8,3723.456398,0.061,1,0xcaf00370,0,0,31,5852,5852,2,1,0,6,1,0,30,1,2,1,1,1,3
117783,2025-01-31 04:05:45.540951,59.977999999999994,8,3723.516376,59.978,7,0xcaf00370,0,0,31,5920,5920,3,0,0,6,1,0,22,1,2,1,1,3,3
117785,2025-01-31 04:05:45.541009,0.058,8,3723.516434,0.058,1,0xcaf00370,0,0,31,5920,5920,3,0,0,6,1,0,22,1,2,1,1,3,3
119469,2025-01-31 04:05:45.591079,50.07,8,3723.566504,50.07,7,0xcaf00370,0,0,31,5920,5920,0,1,0,44,1,0,8,2,0,1,9,0,1
119472,2025-01-31 04:05:45.591134,0.055,8,3723.566559,0.055,1,0xcaf00370,0,0,31,5920,5920,0,1,0,44,1,0,8,2,0,1,9,0,1
121877,2025-01-31 04:05:45.661366,70.232,8,3723.63679,70.231,7,0xcaf00370,0,0,31,6227,6227,1,1,0,6,1,0,30,1,2,1,1,0,3
121880,2025-01-31 04:05:45.661503,0.13699999999999998,8,3723.636928,0.138,1,0xcaf00370,0,0,31,6227,6227,1,1,0,6,1,0,30,1,2,1,1,0,3
123488,2025-01-31 04:05:45.711070,49.567,8,3723.686494,49.566,7,0xcaf00370,0,0,31,6301,6301,2,0,0,6,1,0,30,1,2,1,1,0,3
123492,2025-01-31 04:05:45.711118,0.048,8,3723.686543,0.049,1,0xcaf00370,0,0,31,6301,6301,2,0,0,6,1,0,30,1,2,1,1,0,3
125527,2025-01-31 04:05:45.771137,60.019000000000005,8,3723.746561,60.018,7,0xcaf00370,0,0,31,6301,6301,3,1,0,45,1,0,0,2,0,0,10,135,0
125529,2025-01-31 04:05:45.771181,0.044,8,3723.746605,0.044,1,0xcaf00370,0,0,31,6301,6301,3,1,0,45,1,0,0,2,0,0,10,135,0
127155,2025-01-31 04:05:45.820939,49.757999999999996,8,3723.796364,49.759,7,0xcaf00370,0,0,31,6337,6337,0,1,0,6,1,0,30,1,2,1,1,1,3
127156,2025-01-31 04:05:45.820980,0.041,8,3723.796404,0.04,1,0xcaf00370,0,0,31,6337,6337,0,1,0,6,1,0,30,1,2,1,1,1,3
129216,2025-01-31 04:05:45.881014,60.034,8,3723.856439,60.035,7,0xcaf00370,0,0,31,6615,6615,1,1,0,6,1,0,30,1,2,1,1,0,3
129217,2025-01-31 04:05:45.881050,0.036000000000000004,8,3723.856475,0.036,1,0xcaf00370,0,0,31,6615,6615,1,1,0,6,1,0,30,1,2,1,1,0,3
130896,2025-01-31 04:05:45.931298,50.248,8,3723.906722,50.247,7,0xcaf00370,0,0,31,6671,6671,2,1,0,6,1,0,30,1,2,1,1,253,3
130897,2025-01-31 04:05:45.931330,0.032,8,3723.906755,0.033,1,0xcaf00370,0,0,31,6671,6671,2,1,0,6,1,0,30,1,2,1,1,253,3
132561,2025-01-31 04:05:45.981283,49.952999999999996,8,3723.956707,49.952,7,0xcaf00370,0,0,31,7558,7558,3,1,0,6,1,0,30,1,2,1,1,253,3
132562,2025-01-31 04:05:45.981310,0.027,8,3723.956735,0.028,1,0xcaf00370,0,0,31,7558,7558,3,1,0,6,1,0,30,1,2,1,1,253,3
134239,2025-01-31 04:05:46.031411,50.101,8,3724.006835,50.1,7,0xcaf00370,0,0,31,7605,7605,0,1,0,6,1,0,30,1,2,1,1,1,3
134240,2025-01-31 04:05:46.031479,0.068,8,3724.006904,0.069,1,0xcaf00370,0,0,31,7605,7605,0,1,0,6,1,0,30,1,2,1,1,1,3
136529,2025-01-31 04:05:46.101030,69.551,8,3724.076455,69.551,1,0xcaf00370,0,0,31,1989,10180,1,1,0,6,1,0,30,1,2,1,1,251,3
136534,2025-01-31 04:05:46.101168,0.13799999999999998,8,3724.076593,0.138,7,0xcaf00370,0,0,31,1989,10180,1,1,0,6,1,0,30,1,2,1,1,251,3
138273,2025-01-31 04:05:46.151508,50.34,8,3724.126932,50.339,1,0xcaf00370,0,0,31,3232,11423,2,1,0,6,1,0,30,1,2,1,1,253,3
138277,2025-01-31 04:05:46.151578,0.06999999999999999,8,3724.127003,0.071,7,0xcaf00370,0,0,31,3232,11423,2,1,0,6,1,0,30,1,2,1,1,253,3
139889,2025-01-31 04:05:46.201291,49.713,8,3724.176716,49.713,7,0xcaf00370,0,0,31,3270,11461,3,1,0,6,1,0,30,1,2,1,1,253,3
139890,2025-01-31 04:05:46.201301,0.01,8,3724.176725,0.009,1,0xcaf00370,0,0,31,3270,11461,3,1,0,6,1,0,30,1,2,1,1,253,3
141652,2025-01-31 04:05:46.251412,50.111000000000004,8,3724.226836,50.111,7,0xcaf00370,0,0,31,3669,11860,0,1,0,6,1,0,30,1,2,1,1,0,3
141654,2025-01-31 04:05:46.251449,0.037,8,3724.226874,0.038,1,0xcaf00370,0,0,31,3669,11860,0,1,0,6,1,0,30,1,2,1,1,0,3
143964,2025-01-31 04:05:46.321318,69.869,8,3724.296743,69.869,7,0xcaf00370,0,0,31,4061,12252,1,1,0,6,1,0,30,1,2,1,1,3,3
143970,2025-01-31 04:05:46.321515,0.19699999999999998,8,3724.29694,0.197,1,0xcaf00370,0,0,31,4061,12252,1,1,0,6,1,0,30,1,2,1,1,3,3
147354,2025-01-31 04:05:46.421331,99.816,8,3724.396756,99.816,7,0xcaf00370,0,0,31,5637,5637,2,1,0,6,1,0,30,1,2,1,1,0,3
147355,2025-01-31 04:05:46.421345,0.014,8,3724.39677,0.014,1,0xcaf00370,0,0,31,5637,5637,2,1,0,6,1,0,30,1,2,1,1,0,3
149060,2025-01-31 04:05:46.471149,49.804,8,3724.446574,49.804,1,0xcaf00370,0,0,31,5852,5852,3,1,0,6,1,0,30,1,2,1,1,1,3
149062,2025-01-31 04:05:46.471166,0.017,8,3724.44659,0.016,7,0xcaf00370,0,0,31,5852,5852,3,1,0,6,1,0,30,1,2,1,1,1,3
151316,2025-01-31 04:05:46.541781,70.615,8,3724.517206,70.616,7,0xcaf00370,0,0,31,5920,5920,0,0,0,6,1,0,22,1,2,1,1,3,3
151317,2025-01-31 04:05:46.541803,0.022,8,3724.517227,0.021,1,0xcaf00370,0,0,31,5920,5920,0,0,0,6,1,0,22,1,2,1,1,3,3
152981,2025-01-31 04:05:46.591158,49.355000000000004,8,3724.566583,49.356,1,0xcaf00370,0,0,31,5920,5920,1,1,0,44,1,0,8,2,0,1,9,0,1
152982,2025-01-31 04:05:46.591171,0.013,8,3724.566595,0.012,7,0xcaf00370,0,0,31,5920,5920,1,1,0,44,1,0,8,2,0,1,9,0,1
155049,2025-01-31 04:05:46.651417,60.246,8,3724.626842,60.247,1,0xcaf00370,0,0,31,6227,6227,2,1,0,6,1,0,30,1,2,1,1,0,3
155053,2025-01-31 04:05:46.651530,0.11299999999999999,8,3724.626955,0.113,7,0xcaf00370,0,0,31,6227,6227,2,1,0,6,1,0,30,1,2,1,1,0,3
156667,2025-01-31 04:05:46.701025,49.495,8,3724.67645,49.495,1,0xcaf00370,0,0,31,6301,6301,3,0,0,6,1,0,30,1,2,1,1,0,3
156674,2025-01-31 04:05:46.701195,0.17,8,3724.67662,0.17,7,0xcaf00370,0,0,31,6301,6301,3,0,0,6,1,0,30,1,2,1,1,0,3
158726,2025-01-31 04:05:46.761095,59.9,8,3724.736519,59.899,7,0xcaf00370,0,0,31,6301,6301,0,1,0,45,1,0,0,2,0,0,10,135,0
158727,2025-01-31 04:05:46.761122,0.027,8,3724.736547,0.028,1,0xcaf00370,0,0,31,6301,6301,0,1,0,45,1,0,0,2,0,0,10,135,0
160388,2025-01-31 04:05:46.811224,50.102000000000004,8,3724.786648,50.101,7,0xcaf00370,0,0,31,6337,6337,1,1,0,6,1,0,30,1,2,1,1,1,3
160392,2025-01-31 04:05:46.811265,0.041,8,3724.78669,0.042,1,0xcaf00370,0,0,31,6337,6337,1,1,0,6,1,0,30,1,2,1,1,1,3
162381,2025-01-31 04:05:46.871085,59.82,8,3724.84651,59.82,7,0xcaf00370,0,0,31,6615,6615,2,1,0,6,1,0,30,1,2,1,1,0,3
162386,2025-01-31 04:05:46.871148,0.063,8,3724.846573,0.063,1,0xcaf00370,0,0,31,6615,6615,2,1,0,6,1,0,30,1,2,1,1,0,3
163981,2025-01-31 04:05:46.921148,50.0,8,3724.896573,50.0,7,0xcaf00370,0,0,31,6671,6671,3,1,0,6,1,0,30,1,2,1,1,253,3
163988,2025-01-31 04:05:46.921373,0.225,8,3724.896798,0.225,1,0xcaf00370,0,0,31,6671,6671,3,1,0,6,1,0,30,1,2,1,1,253,3
166056,2025-01-31 04:05:46.981365,59.992,8,3724.95679,59.992,1,0xcaf00370,0,0,31,7558,7558,0,1,0,6,1,0,30,1,2,1,1,253,3
166060,2025-01-31 04:05:46.981476,0.111,8,3724.956901,0.111,7,0xcaf00370,0,0,31,7558,7558,0,1,0,6,1,0,30,1,2,1,1,253,3
167701,2025-01-31 04:05:47.030791,49.315,8,3725.006215,49.314,1,0xcaf00370,0,0,31,7605,7605,1,1,0,6,1,0,30,1,2,1,1,1,3
167702,2025-01-31 04:05:47.030799,0.008,8,3725.006224,0.009,7,0xcaf00370,0,0,31,7605,7605,1,1,0,6,1,0,30,1,2,1,1,1,3
169711,2025-01-31 04:05:47.091232,60.433,8,3725.066656,60.432,1,0xcaf00370,0,0,31,1989,10180,2,1,0,6,1,0,30,1,2,1,1,251,3
169734,2025-01-31 04:05:47.091619,0.38699999999999996,8,3725.067043,0.387,7,0xcaf00370,0,0,31,1989,10180,2,1,0,6,1,0,30,1,2,1,1,251,3
171426,2025-01-31 04:05:47.142187,50.568000000000005,8,3725.117612,50.569,7,0xcaf00370,0,0,31,3232,11423,3,1,0,6,1,0,30,1,2,1,1,253,3
171449,2025-01-31 04:05:47.142735,0.5479999999999999,8,3725.118159,0.547,1,0xcaf00370,0,0,31,3232,11423,3,1,0,6,1,0,30,1,2,1,1,253,3
173430,2025-01-31 04:05:47.201451,58.715999999999994,8,3725.176876,58.717,7,0xcaf00370,0,0,31,3270,11461,0,1,0,6,1,0,30,1,2,1,1,253,3
173431,2025-01-31 04:05:47.201460,0.009000000000000001,8,3725.176884,0.008,1,0xcaf00370,0,0,31,3270,11461,0,1,0,6,1,0,30,1,2,1,1,253,3
175134,2025-01-31 04:05:47.251740,50.28,8,3725.227165,50.281,7,0xcaf00370,0,0,31,3669,11860,1,1,0,6,1,0,30,1,2,1,1,0,3
175137,2025-01-31 04:05:47.251776,0.036000000000000004,8,3725.227201,0.036,1,0xcaf00370,0,0,31,3669,11860,1,1,0,6,1,0,30,1,2,1,1,0,3
176837,2025-01-31 04:05:47.301924,50.147999999999996,8,3725.277349,50.148,7,0xcaf00370,0,0,31,4061,12252,2,1,0,6,1,0,30,1,2,1,1,3,3
176842,2025-01-31 04:05:47.302096,0.17200000000000001,8,3725.277521,0.172,1,0xcaf00370,0,0,31,4061,12252,2,1,0,6,1,0,30,1,2,1,1,3,3
180475,2025-01-31 04:05:47.411135,109.039,8,3725.386559,109.038,1,0xcaf00370,0,0,31,5637,5637,3,1,0,6,1,0,30,1,2,1,1,0,3
180479,2025-01-31 04:05:47.411242,0.107,8,3725.386667,0.108,7,0xcaf00370,0,0,31,5637,5637,3,1,0,6,1,0,30,1,2,1,1,0,3
182139,2025-01-31 04:05:47.461337,50.095,8,3725.436762,50.095,1,0xcaf00370,0,0,31,5852,5852,0,1,0,6,1,0,30,1,2,1,1,1,3
182146,2025-01-31 04:05:47.461431,0.094,8,3725.436856,0.094,7,0xcaf00370,0,0,31,5852,5852,0,1,0,6,1,0,30,1,2,1,1,1,3
184084,2025-01-31 04:05:47.521398,59.967,8,3725.496822,59.966,1,0xcaf00370,0,0,31,5920,5920,1,0,0,6,1,0,22,1,2,1,1,3,3
184088,2025-01-31 04:05:47.521492,0.094,8,3725.496917,0.095,7,0xcaf00370,0,0,31,5920,5920,1,0,0,6,1,0,22,1,2,1,1,3,3
185814,2025-01-31 04:05:47.572471,50.979,8,3725.547896,50.979,7,0xcaf00370,0,0,31,5920,5920,2,1,0,44,1,0,8,2,0,1,9,0,1
185836,2025-01-31 04:05:47.572991,0.5199999999999999,8,3725.548415,0.519,1,0xcaf00370,0,0,31,5920,5920,2,1,0,44,1,0,8,2,0,1,9,0,1
188070,2025-01-31 04:05:47.641491,68.5,8,3725.616916,68.501,1,0xcaf00370,0,0,31,6227,6227,3,1,0,6,1,0,30,1,2,1,1,0,3
188081,2025-01-31 04:05:47.641739,0.248,8,3725.617163,0.247,7,0xcaf00370,0,0,31,6227,6227,3,1,0,6,1,0,30,1,2,1,1,0,3
189807,2025-01-31 04:05:47.691501,49.762,8,3725.666926,49.763,1,0xcaf00370,0,0,31,6301,6301,0,0,0,6,1,0,30,1,2,1,1,0,3
189813,2025-01-31 04:05:47.691726,0.225,8,3725.667151,0.225,7,0xcaf00370,0,0,31,6301,6301,0,0,0,6,1,0,30,1,2,1,1,0,3
191386,2025-01-31 04:05:47.741195,49.469,8,3725.71662,49.469,1,0xcaf00370,0,0,31,6301,6301,1,1,0,45,1,0,0,2,0,0,10,135,0
191397,2025-01-31 04:05:47.741370,0.175,8,3725.716794,0.174,7,0xcaf00370,0,0,31,6301,6301,1,1,0,45,1,0,0,2,0,0,10,135,0
193157,2025-01-31 04:05:47.791131,49.761,8,3725.766556,49.762,1,0xcaf00370,0,0,31,6337,6337,2,1,0,6,1,0,30,1,2,1,1,1,3
193161,2025-01-31 04:05:47.791217,0.08600000000000001,8,3725.766641,0.085,7,0xcaf00370,0,0,31,6337,6337,2,1,0,6,1,0,30,1,2,1,1,1,3
195157,2025-01-31 04:05:47.851537,60.32,8,3725.826961,60.32,1,0xcaf00370,0,0,31,6615,6615,3,1,0,6,1,0,30,1,2,1,1,0,3
195160,2025-01-31 04:05:47.851615,0.078,8,3725.82704,0.079,7,0xcaf00370,0,0,31,6615,6615,3,1,0,6,1,0,30,1,2,1,1,0,3
196777,2025-01-31 04:05:47.901046,49.431000000000004,8,3725.876471,49.431,1,0xcaf00370,0,0,31,6671,6671,0,1,0,6,1,0,30,1,2,1,1,253,3
196786,2025-01-31 04:05:47.901187,0.14100000000000001,8,3725.876612,0.141,7,0xcaf00370,0,0,31,6671,6671,0,1,0,6,1,0,30,1,2,1,1,253,3
198783,2025-01-31 04:05:47.961008,59.821,8,3725.936433,59.821,1,0xcaf00370,0,0,31,7558,7558,1,1,0,6,1,0,30,1,2,1,1,253,3
198786,2025-01-31 04:05:47.961073,0.06499999999999999,8,3725.936498,0.065,7,0xcaf00370,0,0,31,7558,7558,1,1,0,6,1,0,30,1,2,1,1,253,3
200451,2025-01-31 04:05:48.011681,50.608,8,3725.987106,50.608,1,0xcaf00370,0,0,31,7605,7605,2,1,0,6,1,0,30,1,2,1,1,1,3
200456,2025-01-31 04:05:48.011760,0.079,8,3725.987185,0.079,7,0xcaf00370,0,0,31,7605,7605,2,1,0,6,1,0,30,1,2,1,1,1,3
202437,2025-01-31 04:05:48.071987,60.227000000000004,8,3726.047412,60.227,1,0xcaf00370,0,0,31,1989,10180,3,1,0,6,1,0,30,1,2,1,1,251,3
202463,2025-01-31 04:05:48.072619,0.632,8,3726.048044,0.632,7,0xcaf00370,0,0,31,1989,10180,3,1,0,6,1,0,30,1,2,1,1,251,3
204035,2025-01-31 04:05:48.121068,48.449,8,3726.096492,48.448,1,0xcaf00370,0,0,31,3232,11423,0,1,0,6,1,0,30,1,2,1,1,253,3
204037,2025-01-31 04:05:48.121110,0.041999999999999996,8,3726.096534,0.042,7,0xcaf00370,0,0,31,3232,11423,0,1,0,6,1,0,30,1,2,1,1,253,3
206086,2025-01-31 04:05:48.181041,59.931,8,3726.156466,59.932,1,0xcaf00370,0,0,31,3270,11461,1,1,0,6,1,0,30,1,2,1,1,253,3
206088,2025-01-31 04:05:48.181075,0.034,8,3726.1565,0.034,7,0xcaf00370,0,0,31,3270,11461,1,1,0,6,1,0,30,1,2,1,1,253,3
207846,2025-01-31 04:05:48.231553,50.478,8,3726.206978,50.478,1,0xcaf00370,0,0,31,3669,11860,2,1,0,6,1,0,30,1,2,1,1,0,3
207850,2025-01-31 04:05:48.231651,0.098,8,3726.207075,0.097,7,0xcaf00370,0,0,31,3669,11860,2,1,0,6,1,0,30,1,2,1,1,0,3
209907,2025-01-31 04:05:48.291231,59.58,8,3726.266656,59.581,1,0xcaf00370,0,0,31,4061,12252,3,1,0,6,1,0,30,1,2,1,1,3,3
209909,2025-01-31 04:05:48.291253,0.022,8,3726.266678,0.022,7,0xcaf00370,0,0,31,4061,12252,3,1,0,6,1,0,30,1,2,1,1,3,3
213545,2025-01-31 04:05:48.401550,110.29700000000001,8,3726.376975,110.297,7,0xcaf00370,0,0,31,5637,5637,0,1,0,6,1,0,30,1,2,1,1,0,3
213546,2025-01-31 04:05:48.401581,0.031,8,3726.377006,0.031,1,0xcaf00370,0,0,31,5637,5637,0,1,0,6,1,0,30,1,2,1,1,0,3
215368,2025-01-31 04:05:48.455204,53.623,8,3726.430629,53.623,1,0xcaf00370,0,0,31,5852,5852,1,1,0,6,1,0,30,1,2,1,1,1,3
215379,2025-01-31 04:05:48.455533,0.32899999999999996,8,3726.430958,0.329,7,0xcaf00370,0,0,31,5852,5852,1,1,0,6,1,0,30,1,2,1,1,1,3
217164,2025-01-31 04:05:48.511456,55.923,8,3726.48688,55.922,7,0xcaf00370,0,0,31,5920,5920,2,0,0,6,1,0,22,1,2,1,1,3,3
217165,2025-01-31 04:05:48.511462,0.006,8,3726.486887,0.007,1,0xcaf00370,0,0,31,5920,5920,2,0,0,6,1,0,22,1,2,1,1,3,3
218802,2025-01-31 04:05:48.561331,49.869,8,3726.536756,49.869,7,0xcaf00370,0,0,31,5920,5920,3,1,0,44,1,0,8,2,0,1,9,0,1
218806,2025-01-31 04:05:48.561448,0.11699999999999999,8,3726.536872,0.116,1,0xcaf00370,0,0,31,5920,5920,3,1,0,44,1,0,8,2,0,1,9,0,1
220607,2025-01-31 04:05:48.614913,53.464999999999996,8,3726.590338,53.466,1,0xcaf00370,0,0,31,6227,6227,0,1,0,6,1,0,30,1,2,1,1,0,3
220612,2025-01-31 04:05:48.615070,0.157,8,3726.590495,0.157,7,0xcaf00370,0,0,31,6227,6227,0,1,0,6,1,0,30,1,2,1,1,0,3
222221,2025-01-31 04:05:48.661326,46.256,8,3726.636751,46.256,7,0xcaf00370,0,0,31,6301,6301,1,0,0,6,1,0,30,1,2,1,1,0,3
222227,2025-01-31 04:05:48.661453,0.127,8,3726.636877,0.126,1,0xcaf00370,0,0,31,6301,6301,1,0,0,6,1,0,30,1,2,1,1,0,3
224180,2025-01-31 04:05:48.721551,60.098,8,3726.696976,60.099,7,0xcaf00370,0,0,31,6301,6301,2,1,0,45,1,0,0,2,0,0,10,135,0
224181,2025-01-31 04:05:48.721581,0.030000000000000002,8,3726.697005,0.029,1,0xcaf00370,0,0,31,6301,6301,2,1,0,45,1,0,0,2,0,0,10,135,0
225910,2025-01-31 04:05:48.771432,49.851,8,3726.746857,49.852,7,0xcaf00370,0,0,31,6337,6337,3,1,0,6,1,0,30,1,2,1,1,1,3
225911,2025-01-31 04:05:48.771455,0.023,8,3726.74688,0.023,1,0xcaf00370,0,0,31,6337,6337,3,1,0,6,1,0,30,1,2,1,1,1,3
228173,2025-01-31 04:05:48.838524,67.069,8,3726.813949,67.069,7,0xcaf00370,0,0,31,6615,6615,0,1,0,6,1,0,30,1,2,1,1,0,3
228174,2025-01-31 04:05:48.838527,0.003,8,3726.813952,0.003,1,0xcaf00370,0,0,31,6615,6615,0,1,0,6,1,0,30,1,2,1,1,0,3
229599,2025-01-31 04:05:48.881018,42.491,8,3726.856443,42.491,7,0xcaf00370,0,0,31,6671,6671,1,1,0,6,1,0,30,1,2,1,1,253,3
229600,2025-01-31 04:05:48.881028,0.01,8,3726.856453,0.01,1,0xcaf00370,0,0,31,6671,6671,1,1,0,6,1,0,30,1,2,1,1,253,3
231555,2025-01-31 04:05:48.941034,60.006,8,3726.916458,60.005,7,0xcaf00370,0,0,31,7558,7558,2,1,0,6,1,0,30,1,2,1,1,253,3
231556,2025-01-31 04:05:48.941038,0.004,8,3726.916463,0.005,1,0xcaf00370,0,0,31,7558,7558,2,1,0,6,1,0,30,1,2,1,1,253,3
233287,2025-01-31 04:05:48.991148,50.11,8,3726.966573,50.11,7,0xcaf00370,0,0,31,7605,7605,3,1,0,6,1,0,30,1,2,1,1,1,3
233291,2025-01-31 04:05:48.991230,0.082,8,3726.966654,0.081,1,0xcaf00370,0,0,31,7605,7605,3,1,0,6,1,0,30,1,2,1,1,1,3
235250,2025-01-31 04:05:49.051608,60.378,8,3727.027033,60.379,1,0xcaf00370,0,0,31,1989,10180,0,1,0,6,1,0,30,1,2,1,1,251,3
235251,2025-01-31 04:05:49.051620,0.012,8,3727.027044,0.011,7,0xcaf00370,0,0,31,1989,10180,0,1,0,6,1,0,30,1,2,1,1,251,3
236887,2025-01-31 04:05:49.101040,49.42,8,3727.076465,49.421,1,0xcaf00370,0,0,31,3232,11423,1,1,0,6,1,0,30,1,2,1,1,253,3
236891,2025-01-31 04:05:49.101114,0.074,8,3727.076538,0.073,7,0xcaf00370,0,0,31,3232,11423,1,1,0,6,1,0,30,1,2,1,1,253,3
239282,2025-01-31 04:05:49.171673,70.559,8,3727.147097,70.559,1,0xcaf00370,0,0,31,3270,11461,2,1,0,6,1,0,30,1,2,1,1,253,3
239283,2025-01-31 04:05:49.171688,0.015000000000000001,8,3727.147112,0.015,7,0xcaf00370,0,0,31,3270,11461,2,1,0,6,1,0,30,1,2,1,1,253,3
240904,2025-01-31 04:05:49.220961,49.272999999999996,8,3727.196386,49.274,1,0xcaf00370,0,0,31,3669,11860,3,1,0,6,1,0,30,1,2,1,1,0,3
240906,2025-01-31 04:05:49.220991,0.030000000000000002,8,3727.196415,0.029,7,0xcaf00370,0,0,31,3669,11860,3,1,0,6,1,0,30,1,2,1,1,0,3
242665,2025-01-31 04:05:49.271424,50.433,8,3727.246849,50.434,1,0xcaf00370,0,0,31,4061,12252,0,1,0,6,1,0,30,1,2,1,1,3,3
242666,2025-01-31 04:05:49.271461,0.037,8,3727.246886,0.037,7,0xcaf00370,0,0,31,4061,12252,0,1,0,6,1,0,30,1,2,1,1,3,3
246681,2025-01-31 04:05:49.391629,120.16799999999999,8,3727.367054,120.168,1,0xcaf00370,0,0,31,5637,5637,1,1,0,6,1,0,30,1,2,1,1,0,3
246684,2025-01-31 04:05:49.391752,0.12300000000000001,8,3727.367176,0.122,7,0xcaf00370,0,0,31,5637,5637,1,1,0,6,1,0,30,1,2,1,1,0,3
248217,2025-01-31 04:05:49.440930,49.178,8,3727.416355,49.179,1,0xcaf00370,0,0,31,5852,5852,2,1,0,6,1,0,30,1,2,1,1,1,3
248218,2025-01-31 04:05:49.440987,0.057,8,3727.416412,0.057,7,0xcaf00370,0,0,31,5852,5852,2,1,0,6,1,0,30,1,2,1,1,1,3
250239,2025-01-31 04:05:49.500971,59.984,8,3727.476396,59.984,1,0xcaf00370,0,0,31,5920,5920,3,0,0,6,1,0,22,1,2,1,1,3,3
250248,2025-01-31 04:05:49.501099,0.128,8,3727.476524,0.128,7,0xcaf00370,0,0,31,5920,5920,3,0,0,6,1,0,22,1,2,1,1,3,3
251947,2025-01-31 04:05:49.552379,51.28,8,3727.527804,51.28,7,0xcaf00370,0,0,31,5920,5920,0,1,0,44,1,0,8,2,0,1,9,0,1
251951,2025-01-31 04:05:49.552601,0.222,8,3727.528025,0.221,1,0xcaf00370,0,0,31,5920,5920,0,1,0,44,1,0,8,2,0,1,9,0,1
254023,2025-01-31 04:05:49.614972,62.371,8,3727.590397,62.372,1,0xcaf00370,0,0,31,6227,6227,1,1,0,6,1,0,30,1,2,1,1,0,3
254070,2025-01-31 04:05:49.616013,1.0410000000000001,8,3727.591438,1.041,7,0xcaf00370,0,0,31,6227,6227,1,1,0,6,1,0,30,1,2,1,1,0,3
255615,2025-01-31 04:05:49.660946,44.933,8,3727.636371,44.933,1,0xcaf00370,0,0,31,6301,6301,2,0,0,6,1,0,30,1,2,1,1,0,3
255618,2025-01-31 04:05:49.661017,0.07100000000000001,8,3727.636442,0.071,7,0xcaf00370,0,0,31,6301,6301,2,0,0,6,1,0,30,1,2,1,1,0,3
257583,2025-01-31 04:05:49.721563,60.546,8,3727.696987,60.545,1,0xcaf00370,0,0,31,6301,6301,3,1,0,45,1,0,0,2,0,0,10,135,0
257584,2025-01-31 04:05:49.721573,0.01,8,3727.696998,0.011,7,0xcaf00370,0,0,31,6301,6301,3,1,0,45,1,0,0,2,0,0,10,135,0
259296,2025-01-31 04:05:49.771272,49.699,8,3727.746696,49.698,7,0xcaf00370,0,0,31,6337,6337,0,1,0,6,1,0,30,1,2,1,1,1,3
259297,2025-01-31 04:05:49.771291,0.019,8,3727.746716,0.02,1,0xcaf00370,0,0,31,6337,6337,0,1,0,6,1,0,30,1,2,1,1,1,3
261283,2025-01-31 04:05:49.831084,59.793,8,3727.806508,59.792,1,0xcaf00370,0,0,31,6615,6615,1,1,0,6,1,0,30,1,2,1,1,0,3
261285,2025-01-31 04:05:49.831139,0.055,8,3727.806564,0.056,7,0xcaf00370,0,0,31,6615,6615,1,1,0,6,1,0,30,1,2,1,1,0,3
262909,2025-01-31 04:05:49.880934,49.795,8,3727.856358,49.794,1,0xcaf00370,0,0,31,6671,6671,2,1,0,6,1,0,30,1,2,1,1,253,3
262911,2025-01-31 04:05:49.880981,0.047,8,3727.856406,0.048,7,0xcaf00370,0,0,31,6671,6671,2,1,0,6,1,0,30,1,2,1,1,253,3
264623,2025-01-31 04:05:49.931366,50.385,8,3727.906791,50.385,1,0xcaf00370,0,0,31,7558,7558,3,1,0,6,1,0,30,1,2,1,1,253,3
264624,2025-01-31 04:05:49.931402,0.036000000000000004,8,3727.906827,0.036,7,0xcaf00370,0,0,31,7558,7558,3,1,0,6,1,0,30,1,2,1,1,253,3
266279,2025-01-31 04:05:49.981271,49.869,8,3727.956696,49.869,7,0xcaf00370,0,0,31,7605,7605,0,1,0,6,1,0,30,1,2,1,1,1,3
266280,2025-01-31 04:05:49.981275,0.004,8,3727.9567,0.004,1,0xcaf00370,0,0,31,7605,7605,0,1,0,6,1,0,30,1,2,1,1,1,3
268616,2025-01-31 04:05:50.051306,70.03099999999999,8,3728.026731,70.031,1,0xcaf00370,0,0,31,1989,10180,1,1,0,6,1,0,30,1,2,1,1,251,3
268621,2025-01-31 04:05:50.051345,0.039,8,3728.02677,0.039,7,0xcaf00370,0,0,31,1989,10180,1,1,0,6,1,0,30,1,2,1,1,251,3
270243,2025-01-31 04:05:50.100930,49.584999999999994,8,3728.076355,49.585,1,0xcaf00370,0,0,31,3232,11423,2,1,0,6,1,0,30,1,2,1,1,253,3
270254,2025-01-31 04:05:50.101147,0.217,8,3728.076572,0.217,7,0xcaf00370,0,0,31,3232,11423,2,1,0,6,1,0,30,1,2,1,1,253,3
272637,2025-01-31 04:05:50.171676,70.529,8,3728.1471,70.528,7,0xcaf00370,0,0,31,3270,11461,3,1,0,6,1,0,30,1,2,1,1,253,3
272639,2025-01-31 04:05:50.171684,0.008,8,3728.147109,0.009,1,0xcaf00370,0,0,31,3270,11461,3,1,0,6,1,0,30,1,2,1,1,253,3
274260,2025-01-31 04:05:50.220920,49.236000000000004,8,3728.196345,49.236,7,0xcaf00370,0,0,31,3669,11860,0,1,0,6,1,0,30,1,2,1,1,0,3
274262,2025-01-31 04:05:50.220941,0.020999999999999998,8,3728.196365,0.02,1,0xcaf00370,0,0,31,3669,11860,0,1,0,6,1,0,30,1,2,1,1,0,3
276324,2025-01-31 04:05:50.280976,60.035,8,3728.256401,60.036,7,0xcaf00370,0,0,31,4061,12252,1,1,0,6,1,0,30,1,2,1,1,3,3
276325,2025-01-31 04:05:50.281008,0.032,8,3728.256432,0.031,1,0xcaf00370,0,0,31,4061,12252,1,1,0,6,1,0,30,1,2,1,1,3,3
280311,2025-01-31 04:05:50.401442,120.434,8,3728.376866,120.434,7,0xcaf00370,0,0,31,5637,5637,2,1,0,6,1,0,30,1,2,1,1,0,3
280315,2025-01-31 04:05:50.401507,0.06499999999999999,8,3728.376932,0.066,1,0xcaf00370,0,0,31,5637,5637,2,1,0,6,1,0,30,1,2,1,1,0,3
281984,2025-01-31 04:05:50.451713,50.206,8,3728.427138,50.206,7,0xcaf00370,0,0,31,5852,5852,3,1,0,6,1,0,30,1,2,1,1,1,3
281988,2025-01-31 04:05:50.451778,0.06499999999999999,8,3728.427202,0.064,1,0xcaf00370,0,0,31,5852,5852,3,1,0,6,1,0,30,1,2,1,1,1,3
283587,2025-01-31 04:05:50.501024,49.245999999999995,8,3728.476449,49.247,1,0xcaf00370,0,0,31,5920,5920,0,0,0,6,1,0,22,1,2,1,1,3,3
283588,2025-01-31 04:05:50.501026,0.002,8,3728.47645,0.001,7,0xcaf00370,0,0,31,5920,5920,0,0,0,6,1,0,22,1,2,1,1,3,3
285289,2025-01-31 04:05:50.552158,51.132,8,3728.527583,51.133,1,0xcaf00370,0,0,31,5920,5920,1,1,0,44,1,0,8,2,0,1,9,0,1
285290,2025-01-31 04:05:50.552167,0.009000000000000001,8,3728.527592,0.009,7,0xcaf00370,0,0,31,5920,5920,1,1,0,44,1,0,8,2,0,1,9,0,1
287251,2025-01-31 04:05:50.611441,59.274,8,3728.586866,59.274,7,0xcaf00370,0,0,31,6227,6227,2,1,0,6,1,0,30,1,2,1,1,0,3
287253,2025-01-31 04:05:50.611506,0.06499999999999999,8,3728.58693,0.064,1,0xcaf00370,0,0,31,6227,6227,2,1,0,6,1,0,30,1,2,1,1,0,3
288962,2025-01-31 04:05:50.661226,49.72,8,3728.63665,49.72,7,0xcaf00370,0,0,31,6301,6301,3,0,0,6,1,0,30,1,2,1,1,0,3
288967,2025-01-31 04:05:50.661339,0.11299999999999999,8,3728.636764,0.114,1,0xcaf00370,0,0,31,6301,6301,3,0,0,6,1,0,30,1,2,1,1,0,3
290884,2025-01-31 04:05:50.721244,59.905,8,3728.696668,59.904,7,0xcaf00370,0,0,31,6301,6301,0,1,0,45,1,0,0,2,0,0,10,135,0
290889,2025-01-31 04:05:50.721367,0.12300000000000001,8,3728.696792,0.124,1,0xcaf00370,0,0,31,6301,6301,0,1,0,45,1,0,0,2,0,0,10,135,0
292643,2025-01-31 04:05:50.772370,51.003,8,3728.747795,51.003,7,0xcaf00370,0,0,31,6337,6337,1,1,0,6,1,0,30,1,2,1,1,1,3
292646,2025-01-31 04:05:50.772590,0.22,8,3728.748014,0.219,1,0xcaf00370,0,0,31,6337,6337,1,1,0,6,1,0,30,1,2,1,1,1,3
294848,2025-01-31 04:05:50.841000,68.41,8,3728.816425,68.411,7,0xcaf00370,0,0,31,6615,6615,2,1,0,6,1,0,30,1,2,1,1,0,3
294850,2025-01-31 04:05:50.841040,0.04,8,3728.816465,0.04,1,0xcaf00370,0,0,31,6615,6615,2,1,0,6,1,0,30,1,2,1,1,0,3
296589,2025-01-31 04:05:50.891340,50.3,8,3728.866764,50.299,7,0xcaf00370,0,0,31,6671,6671,3,1,0,6,1,0,30,1,2,1,1,253,3
296593,2025-01-31 04:05:50.891427,0.087,8,3728.866852,0.088,1,0xcaf00370,0,0,31,6671,6671,3,1,0,6,1,0,30,1,2,1,1,253,3
298563,2025-01-31 04:05:50.951682,60.255,8,3728.927107,60.255,1,0xcaf00370,0,0,31,7558,7558,0,1,0,6,1,0,30,1,2,1,1,253,3
298564,2025-01-31 04:05:50.951687,0.005,8,3728.927112,0.005,7,0xcaf00370,0,0,31,7558,7558,0,1,0,6,1,0,30,1,2,1,1,253,3
300182,2025-01-31 04:05:51.000998,49.311,8,3728.976423,49.311,1,0xcaf00370,0,0,31,7605,7605,1,1,0,6,1,0,30,1,2,1,1,1,3
300186,2025-01-31 04:05:51.001061,0.063,8,3728.976486,0.063,7,0xcaf00370,0,0,31,7605,7605,1,1,0,6,1,0,30,1,2,1,1,1,3
302492,2025-01-31 04:05:51.071882,70.821,8,3729.047307,70.821,1,0xcaf00370,0,0,31,1989,10180,2,1,0,6,1,0,30,1,2,1,1,251,3
302493,2025-01-31 04:05:51.071900,0.018000000000000002,8,3729.047325,0.018,7,0xcaf00370,0,0,31,1989,10180,2,1,0,6,1,0,30,1,2,1,1,251,3
304154,2025-01-31 04:05:51.121863,49.963,8,3729.097288,49.963,1,0xcaf00370,0,0,31,3232,11423,3,1,0,6,1,0,30,1,2,1,1,253,3
304155,2025-01-31 04:05:51.121881,0.018000000000000002,8,3729.097305,0.017,7,0xcaf00370,0,0,31,3232,11423,3,1,0,6,1,0,30,1,2,1,1,253,3
305854,2025-01-31 04:05:51.171307,49.425999999999995,8,3729.146732,49.427,1,0xcaf00370,0,0,31,3270,11461,0,1,0,6,1,0,30,1,2,1,1,253,3
305857,2025-01-31 04:05:51.171416,0.10900000000000001,8,3729.146841,0.109,7,0xcaf00370,0,0,31,3270,11461,0,1,0,6,1,0,30,1,2,1,1,253,3
307521,2025-01-31 04:05:51.221487,50.071,8,3729.196912,50.071,1,0xcaf00370,0,0,31,3669,11860,1,1,0,6,1,0,30,1,2,1,1,0,3
307522,2025-01-31 04:05:51.221526,0.039,8,3729.19695,0.038,7,0xcaf00370,0,0,31,3669,11860,1,1,0,6,1,0,30,1,2,1,1,0,3
310028,2025-01-31 04:05:51.291297,69.771,8,3729.266722,69.772,1,0xcaf00370,0,0,31,4061,12252,2,1,0,6,1,0,30,1,2,1,1,3,3
310033,2025-01-31 04:05:51.291412,0.115,8,3729.266837,0.115,7,0xcaf00370,0,0,31,4061,12252,2,1,0,6,1,0,30,1,2,1,1,3,3
313721,2025-01-31 04:05:51.401006,109.594,8,3729.376431,109.594,1,0xcaf00370,0,0,31,5637,5637,3,1,0,6,1,0,30,1,2,1,1,0,3
313731,2025-01-31 04:05:51.401215,0.20900000000000002,8,3729.376639,0.208,7,0xcaf00370,0,0,31,5637,5637,3,1,0,6,1,0,30,1,2,1,1,0,3
315418,2025-01-31 04:05:51.451157,49.942,8,3729.426582,49.943,1,0xcaf00370,0,0,31,5852,5852,0,1,0,6,1,0,30,1,2,1,1,1,3
315428,2025-01-31 04:05:51.451306,0.149,8,3729.42673,0.148,7,0xcaf00370,0,0,31,5852,5852,0,1,0,6,1,0,30,1,2,1,1,1,3
317686,2025-01-31 04:05:51.521090,69.78399999999999,8,3729.496514,69.784,7,0xcaf00370,0,0,31,5920,5920,1,0,0,6,1,0,22,1,2,1,1,3,3
317691,2025-01-31 04:05:51.521138,0.048,8,3729.496563,0.049,1,0xcaf00370,0,0,31,5920,5920,1,0,0,6,1,0,22,1,2,1,1,3,3
319383,2025-01-31 04:05:51.571456,50.318000000000005,8,3729.546881,50.318,1,0xcaf00370,0,0,31,5920,5920,2,1,0,44,1,0,8,2,0,1,9,0,1
319386,2025-01-31 04:05:51.571548,0.092,8,3729.546973,0.092,7,0xcaf00370,0,0,31,5920,5920,2,1,0,44,1,0,8,2,0,1,9,0,1
321047,2025-01-31 04:05:51.620980,49.431999999999995,8,3729.596405,49.432,1,0xcaf00370,0,0,31,6227,6227,3,1,0,6,1,0,30,1,2,1,1,0,3
321064,2025-01-31 04:05:51.621240,0.25999999999999995,8,3729.596665,0.26,7,0xcaf00370,0,0,31,6227,6227,3,1,0,6,1,0,30,1,2,1,1,0,3
322760,2025-01-31 04:05:51.671219,49.979,8,3729.646644,49.979,1,0xcaf00370,0,0,31,6301,6301,0,0,0,6,1,0,30,1,2,1,1,0,3
322764,2025-01-31 04:05:51.671306,0.087,8,3729.64673,0.086,7,0xcaf00370,0,0,31,6301,6301,0,0,0,6,1,0,30,1,2,1,1,0,3
324755,2025-01-31 04:05:51.731216,59.91,8,3729.706641,59.911,1,0xcaf00370,0,0,31,6301,6301,1,1,0,45,1,0,0,2,0,0,10,135,0
324756,2025-01-31 04:05:51.731224,0.008,8,3729.706649,0.008,7,0xcaf00370,0,0,31,6301,6301,1,1,0,45,1,0,0,2,0,0,10,135,0
326391,2025-01-31 04:05:51.780684,49.459999999999994,8,3729.756109,49.46,1,0xcaf00370,0,0,31,6337,6337,2,1,0,6,1,0,30,1,2,1,1,1,3
326394,2025-01-31 04:05:51.780768,0.08399999999999999,8,3729.756193,0.084,7,0xcaf00370,0,0,31,6337,6337,2,1,0,6,1,0,30,1,2,1,1,1,3
328060,2025-01-31 04:05:51.831246,50.478,8,3729.806671,50.478,7,0xcaf00370,0,0,31,6615,6615,3,1,0,6,1,0,30,1,2,1,1,0,3
328061,2025-01-31 04:05:51.831255,0.009000000000000001,8,3729.80668,0.009,1,0xcaf00370,0,0,31,6615,6615,3,1,0,6,1,0,30,1,2,1,1,0,3
329754,2025-01-31 04:05:51.880991,49.736000000000004,8,3729.856416,49.736,1,0xcaf00370,0,0,31,6671,6671,0,1,0,6,1,0,30,1,2,1,1,253,3
329758,2025-01-31 04:05:51.881089,0.098,8,3729.856514,0.098,7,0xcaf00370,0,0,31,6671,6671,0,1,0,6,1,0,30,1,2,1,1,253,3
331735,2025-01-31 04:05:51.941296,60.206999999999994,8,3729.91672,60.206,1,0xcaf00370,0,0,31,7558,7558,1,1,0,6,1,0,30,1,2,1,1,253,3
331737,2025-01-31 04:05:51.941347,0.051,8,3729.916772,0.052,7,0xcaf00370,0,0,31,7558,7558,1,1,0,6,1,0,30,1,2,1,1,253,3
333463,2025-01-31 04:05:51.992133,50.786,8,3729.967558,50.786,1,0xcaf00370,0,0,31,7605,7605,2,1,0,6,1,0,30,1,2,1,1,1,3
333465,2025-01-31 04:05:51.992173,0.04,8,3729.967598,0.04,7,0xcaf00370,0,0,31,7605,7605,2,1,0,6,1,0,30,1,2,1,1,1,3
335405,2025-01-31 04:05:52.052095,59.922000000000004,8,3730.02752,59.922,1,0xcaf00370,0,0,31,1989,10180,3,1,0,6,1,0,30,1,2,1,1,251,3
335408,2025-01-31 04:05:52.052131,0.036000000000000004,8,3730.027556,0.036,7,0xcaf00370,0,0,31,1989,10180,3,1,0,6,1,0,30,1,2,1,1,251,3
337057,2025-01-31 04:05:52.100982,48.851,8,3730.076407,48.851,1,0xcaf00370,0,0,31,3232,11423,0,1,0,6,1,0,30,1,2,1,1,253,3
337071,2025-01-31 04:05:52.101214,0.232,8,3730.076638,0.231,7,0xcaf00370,0,0,31,3232,11423,0,1,0,6,1,0,30,1,2,1,1,253,3
339429,2025-01-31 04:05:52.171631,70.41699999999999,8,3730.147056,70.418,1,0xcaf00370,0,0,31,3270,11461,1,1,0,6,1,0,30,1,2,1,1,253,3
339430,2025-01-31 04:05:52.171636,0.005,8,3730.147061,0.005,7,0xcaf00370,0,0,31,3270,11461,1,1,0,6,1,0,30,1,2,1,1,253,3
341085,2025-01-31 04:05:52.221114,49.478,8,3730.196539,49.478,7,0xcaf00370,0,0,31,3669,11860,2,1,0,6,1,0,30,1,2,1,1,0,3
341089,2025-01-31 04:05:52.221209,0.095,8,3730.196633,0.094,1,0xcaf00370,0,0,31,3669,11860,2,1,0,6,1,0,30,1,2,1,1,0,3
342894,2025-01-31 04:05:52.274390,53.181,8,3730.249815,53.182,1,0xcaf00370,0,0,31,4061,12252,3,1,0,6,1,0,30,1,2,1,1,3,3
342895,2025-01-31 04:05:52.274412,0.022,8,3730.249837,0.022,7,0xcaf00370,0,0,31,4061,12252,3,1,0,6,1,0,30,1,2,1,1,3,3
346462,2025-01-31 04:05:52.381027,106.615,8,3730.356452,106.615,7,0xcaf00370,0,0,31,5637,5637,0,1,0,6,1,0,30,1,2,1,1,0,3
346464,2025-01-31 04:05:52.381064,0.037,8,3730.356489,0.037,1,0xcaf00370,0,0,31,5637,5637,0,1,0,6,1,0,30,1,2,1,1,0,3
348116,2025-01-31 04:05:52.431022,49.958000000000006,8,3730.406447,49.958,7,0xcaf00370,0,0,31,5852,5852,1,1,0,6,1,0,30,1,2,1,1,1,3
348130,2025-01-31 04:05:52.431304,0.28200000000000003,8,3730.406728,0.281,1,0xcaf00370,0,0,31,5852,5852,1,1,0,6,1,0,30,1,2,1,1,1,3
350170,2025-01-31 04:05:52.493440,62.135999999999996,8,3730.468864,62.136,7,0xcaf00370,0,0,31,5920,5920,2,0,0,6,1,0,22,1,2,1,1,3,3
350172,2025-01-31 04:05:52.493500,0.060000000000000005,8,3730.468924,0.06,1,0xcaf00370,0,0,31,5920,5920,2,0,0,6,1,0,22,1,2,1,1,3,3
351693,2025-01-31 04:05:52.541097,47.597,8,3730.516522,47.598,7,0xcaf00370,0,0,31,5920,5920,3,1,0,44,1,0,8,2,0,1,9,0,1
351698,2025-01-31 04:05:52.541225,0.128,8,3730.51665,0.128,1,0xcaf00370,0,0,31,5920,5920,3,1,0,44,1,0,8,2,0,1,9,0,1
353707,2025-01-31 04:05:52.601318,60.093,8,3730.576743,60.093,1,0xcaf00370,0,0,31,6227,6227,0,1,0,6,1,0,30,1,2,1,1,0,3
353709,2025-01-31 04:05:52.601320,0.002,8,3730.576745,0.002,7,0xcaf00370,0,0,31,6227,6227,0,1,0,6,1,0,30,1,2,1,1,0,3
355426,2025-01-31 04:05:52.652651,51.331,8,3730.628075,51.33,7,0xcaf00370,0,0,31,6301,6301,1,0,0,6,1,0,30,1,2,1,1,0,3
355444,2025-01-31 04:05:52.652972,0.321,8,3730.628397,0.322,1,0xcaf00370,0,0,31,6301,6301,1,0,0,6,1,0,30,1,2,1,1,0,3
357466,2025-01-31 04:05:52.712211,59.239,8,3730.687635,59.238,7,0xcaf00370,0,0,31,6301,6301,2,1,0,45,1,0,0,2,0,0,10,135,0
357469,2025-01-31 04:05:52.712254,0.043000000000000003,8,3730.687678,0.043,1,0xcaf00370,0,0,31,6301,6301,2,1,0,45,1,0,0,2,0,0,10,135,0
359080,2025-01-31 04:05:52.761070,48.815999999999995,8,3730.736495,48.817,1,0xcaf00370,0,0,31,6337,6337,3,1,0,6,1,0,30,1,2,1,1,1,3
359085,2025-01-31 04:05:52.761161,0.091,8,3730.736585,0.09,7,0xcaf00370,0,0,31,6337,6337,3,1,0,6,1,0,30,1,2,1,1,1,3
361107,2025-01-31 04:05:52.821031,59.87,8,3730.796456,59.871,7,0xcaf00370,0,0,31,6615,6615,0,1,0,6,1,0,30,1,2,1,1,0,3
361133,2025-01-31 04:05:52.821577,0.546,8,3730.797001,0.545,1,0xcaf00370,0,0,31,6615,6615,0,1,0,6,1,0,30,1,2,1,1,0,3
362757,2025-01-31 04:05:52.871378,49.800999999999995,8,3730.846803,49.802,7,0xcaf00370,0,0,31,6671,6671,1,1,0,6,1,0,30,1,2,1,1,253,3
362762,2025-01-31 04:05:52.871472,0.094,8,3730.846897,0.094,1,0xcaf00370,0,0,31,6671,6671,1,1,0,6,1,0,30,1,2,1,1,253,3
364381,2025-01-31 04:05:52.921306,49.834,8,3730.89673,49.833,7,0xcaf00370,0,0,31,7558,7558,2,1,0,6,1,0,30,1,2,1,1,253,3
364402,2025-01-31 04:05:52.921768,0.462,8,3730.897192,0.462,1,0xcaf00370,0,0,31,7558,7558,2,1,0,6,1,0,30,1,2,1,1,253,3
366047,2025-01-31 04:05:52.971182,49.414,8,3730.946606,49.414,7,0xcaf00370,0,0,31,7605,7605,3,1,0,6,1,0,30,1,2,1,1,1,3
366052,2025-01-31 04:05:52.971283,0.101,8,3730.946707,0.101,1,0xcaf00370,0,0,31,7605,7605,3,1,0,6,1,0,30,1,2,1,1,1,3
368333,2025-01-31 04:05:53.041327,70.044,8,3731.016752,70.045,7,0xcaf00370,0,0,31,1989,10180,0,1,0,6,1,0,30,1,2,1,1,251,3
368358,2025-01-31 04:05:53.041945,0.618,8,3731.017369,0.617,1,0xcaf00370,0,0,31,1989,10180,0,1,0,6,1,0,30,1,2,1,1,251,3
370009,2025-01-31 04:05:53.091165,49.22,8,3731.06659,49.221,7,0xcaf00370,0,0,31,3232,11423,1,1,0,6,1,0,30,1,2,1,1,253,3
370016,2025-01-31 04:05:53.091293,0.128,8,3731.066718,0.128,1,0xcaf00370,0,0,31,3232,11423,1,1,0,6,1,0,30,1,2,1,1,253,3
372378,2025-01-31 04:05:53.161288,69.995,8,3731.136713,69.995,7,0xcaf00370,0,0,31,3270,11461,2,1,0,6,1,0,30,1,2,1,1,253,3
372386,2025-01-31 04:05:53.161458,0.17,8,3731.136883,0.17,1,0xcaf00370,0,0,31,3270,11461,2,1,0,6,1,0,30,1,2,1,1,253,3
374062,2025-01-31 04:05:53.211236,49.778000000000006,8,3731.18666,49.777,7,0xcaf00370,0,0,31,3669,11860,3,1,0,6,1,0,30,1,2,1,1,0,3
374065,2025-01-31 04:05:53.211316,0.08,8,3731.18674,0.08,1,0xcaf00370,0,0,31,3669,11860,3,1,0,6,1,0,30,1,2,1,1,0,3
375753,2025-01-31 04:05:53.261650,50.333999999999996,8,3731.237075,50.335,1,0xcaf00370,0,0,31,4061,12252,0,1,0,6,1,0,30,1,2,1,1,3,3
375761,2025-01-31 04:05:53.261890,0.24000000000000002,8,3731.237315,0.24,7,0xcaf00370,0,0,31,4061,12252,0,1,0,6,1,0,30,1,2,1,1,3,3
379401,2025-01-31 04:05:53.371675,109.785,8,3731.347099,109.784,1,0xcaf00370,0,0,31,5637,5637,1,1,0,6,1,0,30,1,2,1,1,0,3
379406,2025-01-31 04:05:53.371752,0.077,8,3731.347177,0.078,7,0xcaf00370,0,0,31,5637,5637,1,1,0,6,1,0,30,1,2,1,1,0,3
381047,2025-01-31 04:05:53.421569,49.817,8,3731.396994,49.817,7,0xcaf00370,0,0,31,5852,5852,2,1,0,6,1,0,30,1,2,1,1,1,3
381050,2025-01-31 04:05:53.421644,0.075,8,3731.397068,0.074,1,0xcaf00370,0,0,31,5852,5852,2,1,0,6,1,0,30,1,2,1,1,1,3
383020,2025-01-31 04:05:53.481463,59.818999999999996,8,3731.456887,59.819,1,0xcaf00370,0,0,31,5920,5920,3,0,0,6,1,0,22,1,2,1,1,3,3
383022,2025-01-31 04:05:53.481524,0.061,8,3731.456949,0.062,7,0xcaf00370,0,0,31,5920,5920,3,0,0,6,1,0,22,1,2,1,1,3,3
384681,2025-01-31 04:05:53.531046,49.522,8,3731.506471,49.522,7,0xcaf00370,0,0,31,5920,5920,0,1,0,44,1,0,8,2,0,1,9,0,1
384687,2025-01-31 04:05:53.531174,0.128,8,3731.506599,0.128,1,0xcaf00370,0,0,31,5920,5920,0,1,0,44,1,0,8,2,0,1,9,0,1
387057,2025-01-31 04:05:53.603884,72.71,8,3731.579308,72.709,7,0xcaf00370,0,0,31,6227,6227,1,1,0,6,1,0,30,1,2,1,1,0,3
387058,2025-01-31 04:05:53.603903,0.019,8,3731.579328,0.02,1,0xcaf00370,0,0,31,6227,6227,1,1,0,6,1,0,30,1,2,1,1,0,3
388640,2025-01-31 04:05:53.651484,47.580999999999996,8,3731.626909,47.581,7,0xcaf00370,0,0,31,6301,6301,2,0,0,6,1,0,30,1,2,1,1,0,3
388647,2025-01-31 04:05:53.651612,0.128,8,3731.627036,0.127,1,0xcaf00370,0,0,31,6301,6301,2,0,0,6,1,0,30,1,2,1,1,0,3
390696,2025-01-31 04:05:53.711503,59.891,8,3731.686928,59.892,7,0xcaf00370,0,0,31,6301,6301,3,1,0,45,1,0,0,2,0,0,10,135,0
390699,2025-01-31 04:05:53.711631,0.128,8,3731.687056,0.128,1,0xcaf00370,0,0,31,6301,6301,3,1,0,45,1,0,0,2,0,0,10,135,0
392309,2025-01-31 04:05:53.761028,49.397000000000006,8,3731.736453,49.397,7,0xcaf00370,0,0,31,6337,6337,0,1,0,6,1,0,30,1,2,1,1,1,3
392314,2025-01-31 04:05:53.761155,0.127,8,3731.73658,0.127,1,0xcaf00370,0,0,31,6337,6337,0,1,0,6,1,0,30,1,2,1,1,1,3
394301,2025-01-31 04:05:53.821084,59.929,8,3731.796509,59.929,7,0xcaf00370,0,0,31,6615,6615,1,1,0,6,1,0,30,1,2,1,1,0,3
394307,2025-01-31 04:05:53.821214,0.12999999999999998,8,3731.796639,0.13,1,0xcaf00370,0,0,31,6615,6615,1,1,0,6,1,0,30,1,2,1,1,0,3
395977,2025-01-31 04:05:53.871665,50.451,8,3731.84709,50.451,7,0xcaf00370,0,0,31,6671,6671,2,1,0,6,1,0,30,1,2,1,1,253,3
395985,2025-01-31 04:05:53.871905,0.24000000000000002,8,3731.847329,0.239,1,0xcaf00370,0,0,31,6671,6671,2,1,0,6,1,0,30,1,2,1,1,253,3
398001,2025-01-31 04:05:53.931440,59.535,8,3731.906864,59.535,7,0xcaf00370,0,0,31,7558,7558,3,1,0,6,1,0,30,1,2,1,1,253,3
398003,2025-01-31 04:05:53.931574,0.134,8,3731.906999,0.135,1,0xcaf00370,0,0,31,7558,7558,3,1,0,6,1,0,30,1,2,1,1,253,3
399628,2025-01-31 04:05:53.981584,50.01,8,3731.957009,50.01,7,0xcaf00370,0,0,31,7605,7605,0,1,0,6,1,0,30,1,2,1,1,1,3
399632,2025-01-31 04:05:53.981719,0.135,8,3731.957143,0.134,1,0xcaf00370,0,0,31,7605,7605,0,1,0,6,1,0,30,1,2,1,1,1,3
401591,2025-01-31 04:05:54.041383,59.664,8,3732.016807,59.664,7,0xcaf00370,0,0,31,1989,10180,1,1,0,6,1,0,30,1,2,1,1,251,3
401594,2025-01-31 04:05:54.041521,0.13799999999999998,8,3732.016945,0.138,1,0xcaf00370,0,0,31,1989,10180,1,1,0,6,1,0,30,1,2,1,1,251,3
403284,2025-01-31 04:05:54.091546,50.025,8,3732.06697,50.025,7,0xcaf00370,0,0,31,3232,11423,2,1,0,6,1,0,30,1,2,1,1,253,3
403286,2025-01-31 04:05:54.091685,0.13899999999999998,8,3732.06711,0.14,1,0xcaf00370,0,0,31,3232,11423,2,1,0,6,1,0,30,1,2,1,1,253,3
405633,2025-01-31 04:05:54.161161,69.476,8,3732.136585,69.475,7,0xcaf00370,0,0,31,3270,11461,3,1,0,6,1,0,30,1,2,1,1,253,3
405641,2025-01-31 04:05:54.161283,0.122,8,3732.136708,0.123,1,0xcaf00370,0,0,31,3270,11461,3,1,0,6,1,0,30,1,2,1,1,253,3
407358,2025-01-31 04:05:54.212055,50.772,8,3732.18748,50.772,1,0xcaf00370,0,0,31,3669,11860,0,1,0,6,1,0,30,1,2,1,1,0,3
407360,2025-01-31 04:05:54.212087,0.032,8,3732.187511,0.031,7,0xcaf00370,0,0,31,3669,11860,0,1,0,6,1,0,30,1,2,1,1,0,3
409138,2025-01-31 04:05:54.261585,49.498,8,3732.23701,49.499,7,0xcaf00370,0,0,31,4061,12252,1,1,0,6,1,0,30,1,2,1,1,3,3
409140,2025-01-31 04:05:54.261729,0.14400000000000002,8,3732.237154,0.144,1,0xcaf00370,0,0,31,4061,12252,1,1,0,6,1,0,30,1,2,1,1,3,3
412818,2025-01-31 04:05:54.371537,109.808,8,3732.346962,109.808,7,0xcaf00370,0,0,31,5637,5637,2,1,0,6,1,0,30,1,2,1,1,0,3
412824,2025-01-31 04:05:54.371713,0.176,8,3732.347138,0.176,1,0xcaf00370,0,0,31,5637,5637,2,1,0,6,1,0,30,1,2,1,1,0,3
414461,2025-01-31 04:05:54.421294,49.581,8,3732.396719,49.581,7,0xcaf00370,0,0,31,5852,5852,3,1,0,6,1,0,30,1,2,1,1,1,3
414465,2025-01-31 04:05:54.421445,0.15100000000000002,8,3732.39687,0.151,1,0xcaf00370,0,0,31,5852,5852,3,1,0,6,1,0,30,1,2,1,1,1,3
416435,2025-01-31 04:05:54.481261,59.816,8,3732.456686,59.816,7,0xcaf00370,0,0,31,5920,5920,0,0,0,6,1,0,22,1,2,1,1,3,3
416437,2025-01-31 04:05:54.481327,0.066,8,3732.456752,0.066,1,0xcaf00370,0,0,31,5920,5920,0,0,0,6,1,0,22,1,2,1,1,3,3
418125,2025-01-31 04:05:54.531464,50.137,8,3732.506889,50.137,7,0xcaf00370,0,0,31,5920,5920,1,1,0,44,1,0,8,2,0,1,9,0,1
418130,2025-01-31 04:05:54.531619,0.155,8,3732.507043,0.154,1,0xcaf00370,0,0,31,5920,5920,1,1,0,44,1,0,8,2,0,1,9,0,1
420114,2025-01-31 04:05:54.591446,59.827,8,3732.56687,59.827,7,0xcaf00370,0,0,31,6227,6227,2,1,0,6,1,0,30,1,2,1,1,0,3
420117,2025-01-31 04:05:54.591605,0.159,8,3732.56703,0.16,1,0xcaf00370,0,0,31,6227,6227,2,1,0,6,1,0,30,1,2,1,1,0,3
421761,2025-01-31 04:05:54.641117,49.512,8,3732.616542,49.512,7,0xcaf00370,0,0,31,6301,6301,3,0,0,6,1,0,30,1,2,1,1,0,3
421766,2025-01-31 04:05:54.641282,0.165,8,3732.616706,0.164,1,0xcaf00370,0,0,31,6301,6301,3,0,0,6,1,0,30,1,2,1,1,0,3
424189,2025-01-31 04:05:54.712023,70.741,8,3732.687448,70.742,7,0xcaf00370,0,0,31,6301,6301,0,1,0,45,1,0,0,2,0,0,10,135,0
424190,2025-01-31 04:05:54.712034,0.011,8,3732.687459,0.011,1,0xcaf00370,0,0,31,6301,6301,0,1,0,45,1,0,0,2,0,0,10,135,0
425833,2025-01-31 04:05:54.761116,49.082,8,3732.736541,49.082,7,0xcaf00370,0,0,31,6337,6337,1,1,0,6,1,0,30,1,2,1,1,1,3
425838,2025-01-31 04:05:54.761284,0.16799999999999998,8,3732.736709,0.168,1,0xcaf00370,0,0,31,6337,6337,1,1,0,6,1,0,30,1,2,1,1,1,3
427537,2025-01-31 04:05:54.812115,50.831,8,3732.787539,50.83,7,0xcaf00370,0,0,31,6615,6615,2,1,0,6,1,0,30,1,2,1,1,0,3
427538,2025-01-31 04:05:54.812183,0.068,8,3732.787608,0.069,1,0xcaf00370,0,0,31,6615,6615,2,1,0,6,1,0,30,1,2,1,1,0,3
429258,2025-01-31 04:05:54.861237,49.054,8,3732.836662,49.054,7,0xcaf00370,0,0,31,6671,6671,3,1,0,6,1,0,30,1,2,1,1,253,3
429262,2025-01-31 04:05:54.861508,0.27099999999999996,8,3732.836932,0.27,1,0xcaf00370,0,0,31,6671,6671,3,1,0,6,1,0,30,1,2,1,1,253,3
431209,2025-01-31 04:05:54.921183,59.675,8,3732.896608,59.676,7,0xcaf00370,0,0,31,7558,7558,0,1,0,6,1,0,30,1,2,1,1,253,3
431214,2025-01-31 04:05:54.921348,0.165,8,3732.896773,0.165,1,0xcaf00370,0,0,31,7558,7558,0,1,0,6,1,0,30,1,2,1,1,253,3
432911,2025-01-31 04:05:54.971862,50.514,8,3732.947287,50.514,7,0xcaf00370,0,0,31,7605,7605,1,1,0,6,1,0,30,1,2,1,1,1,3
432915,2025-01-31 04:05:54.972026,0.164,8,3732.947451,0.164,1,0xcaf00370,0,0,31,7605,7605,1,1,0,6,1,0,30,1,2,1,1,1,3
434863,2025-01-31 04:05:55.031332,59.306,8,3733.006756,59.305,7,0xcaf00370,0,0,31,1989,10180,2,1,0,6,1,0,30,1,2,1,1,251,3
434866,2025-01-31 04:05:55.031493,0.161,8,3733.006918,0.162,1,0xcaf00370,0,0,31,1989,10180,2,1,0,6,1,0,30,1,2,1,1,251,3
436492,2025-01-31 04:05:55.081362,49.869,8,3733.056787,49.869,7,0xcaf00370,0,0,31,3232,11423,3,1,0,6,1,0,30,1,2,1,1,253,3
436497,2025-01-31 04:05:55.081525,0.163,8,3733.056949,0.162,1,0xcaf00370,0,0,31,3232,11423,3,1,0,6,1,0,30,1,2,1,1,253,3
438521,2025-01-31 04:05:55.141215,59.69,8,3733.11664,59.691,7,0xcaf00370,0,0,31,3270,11461,0,1,0,6,1,0,30,1,2,1,1,253,3
438523,2025-01-31 04:05:55.141374,0.159,8,3733.116799,0.159,1,0xcaf00370,0,0,31,3270,11461,0,1,0,6,1,0,30,1,2,1,1,253,3
440239,2025-01-31 04:05:55.191401,50.027,8,3733.166825,50.026,7,0xcaf00370,0,0,31,3669,11860,1,1,0,6,1,0,30,1,2,1,1,0,3
440242,2025-01-31 04:05:55.191606,0.205,8,3733.16703,0.205,1,0xcaf00370,0,0,31,3669,11860,1,1,0,6,1,0,30,1,2,1,1,0,3
442243,2025-01-31 04:05:55.251707,60.101,8,3733.227132,60.102,7,0xcaf00370,0,0,31,4061,12252,2,1,0,6,1,0,30,1,2,1,1,3,3
442250,2025-01-31 04:05:55.251871,0.164,8,3733.227296,0.164,1,0xcaf00370,0,0,31,4061,12252,2,1,0,6,1,0,30,1,2,1,1,3,3
445933,2025-01-31 04:05:55.361199,109.32799999999999,8,3733.336623,109.327,7,0xcaf00370,0,0,31,5637,5637,3,1,0,6,1,0,30,1,2,1,1,0,3
445936,2025-01-31 04:05:55.361352,0.153,8,3733.336777,0.154,1,0xcaf00370,0,0,31,5637,5637,3,1,0,6,1,0,30,1,2,1,1,0,3
447603,2025-01-31 04:05:55.411465,50.113,8,3733.38689,50.113,7,0xcaf00370,0,0,31,5852,5852,0,1,0,6,1,0,30,1,2,1,1,1,3
447606,2025-01-31 04:05:55.411618,0.153,8,3733.387042,0.152,1,0xcaf00370,0,0,31,5852,5852,0,1,0,6,1,0,30,1,2,1,1,1,3
449294,2025-01-31 04:05:55.461495,49.876999999999995,8,3733.43692,49.878,7,0xcaf00370,0,0,31,5920,5920,1,0,0,6,1,0,22,1,2,1,1,3,3
449297,2025-01-31 04:05:55.461647,0.152,8,3733.437071,0.151,1,0xcaf00370,0,0,31,5920,5920,1,0,0,6,1,0,22,1,2,1,1,3,3
450934,2025-01-31 04:05:55.511359,49.711999999999996,8,3733.486784,49.713,7,0xcaf00370,0,0,31,5920,5920,2,1,0,44,1,0,8,2,0,1,9,0,1
450937,2025-01-31 04:05:55.511542,0.183,8,3733.486966,0.182,1,0xcaf00370,0,0,31,5920,5920,2,1,0,44,1,0,8,2,0,1,9,0,1
453222,2025-01-31 04:05:55.581514,69.97200000000001,8,3733.556938,69.972,7,0xcaf00370,0,0,31,6227,6227,3,1,0,6,1,0,30,1,2,1,1,0,3
453225,2025-01-31 04:05:55.581654,0.13999999999999999,8,3733.557079,0.141,1,0xcaf00370,0,0,31,6227,6227,3,1,0,6,1,0,30,1,2,1,1,0,3
454927,2025-01-31 04:05:55.631218,49.564,8,3733.606643,49.564,7,0xcaf00370,0,0,31,6301,6301,0,0,0,6,1,0,30,1,2,1,1,0,3
454929,2025-01-31 04:05:55.631352,0.134,8,3733.606777,0.134,1,0xcaf00370,0,0,31,6301,6301,0,0,0,6,1,0,30,1,2,1,1,0,3
456627,2025-01-31 04:05:55.681735,50.382999999999996,8,3733.65716,50.383,7,0xcaf00370,0,0,31,6301,6301,1,1,0,45,1,0,0,2,0,0,10,135,0
456630,2025-01-31 04:05:55.681864,0.129,8,3733.657289,0.129,1,0xcaf00370,0,0,31,6301,6301,1,1,0,45,1,0,0,2,0,0,10,135,0
458315,2025-01-31 04:05:55.731627,49.763000000000005,8,3733.707052,49.763,7,0xcaf00370,0,0,31,6337,6337,2,1,0,6,1,0,30,1,2,1,1,1,3
458319,2025-01-31 04:05:55.731835,0.208,8,3733.707259,0.207,1,0xcaf00370,0,0,31,6337,6337,2,1,0,6,1,0,30,1,2,1,1,1,3
461001,2025-01-31 04:05:55.811774,79.939,8,3733.787198,79.939,7,0xcaf00370,0,0,31,6615,6615,3,1,0,6,1,0,30,1,2,1,1,0,3
461003,2025-01-31 04:05:55.811885,0.111,8,3733.78731,0.112,1,0xcaf00370,0,0,31,6615,6615,3,1,0,6,1,0,30,1,2,1,1,0,3
462641,2025-01-31 04:05:55.861233,49.348000000000006,8,3733.836658,49.348,7,0xcaf00370,0,0,31,6671,6671,0,1,0,6,1,0,30,1,2,1,1,253,3
462646,2025-01-31 04:05:55.861335,0.102,8,3733.83676,0.102,1,0xcaf00370,0,0,31,6671,6671,0,1,0,6,1,0,30,1,2,1,1,253,3
464293,2025-01-31 04:05:55.911682,50.347,8,3733.887106,50.346,7,0xcaf00370,0,0,31,7558,7558,1,1,0,6,1,0,30,1,2,1,1,253,3
464294,2025-01-31 04:05:55.911774,0.092,8,3733.887199,0.093,1,0xcaf00370,0,0,31,7558,7558,1,1,0,6,1,0,30,1,2,1,1,253,3
465958,2025-01-31 04:05:55.961243,49.469,8,3733.936668,49.469,7,0xcaf00370,0,0,31,7605,7605,2,1,0,6,1,0,30,1,2,1,1,1,3
465961,2025-01-31 04:05:55.961326,0.083,8,3733.936751,0.083,1,0xcaf00370,0,0,31,7605,7605,2,1,0,6,1,0,30,1,2,1,1,1,3
467915,2025-01-31 04:05:56.021395,60.068999999999996,8,3733.996819,60.068,7,0xcaf00370,0,0,31,1989,10180,3,1,0,6,1,0,30,1,2,1,1,251,3
467919,2025-01-31 04:05:56.021488,0.093,8,3733.996913,0.094,1,0xcaf00370,0,0,31,1989,10180,3,1,0,6,1,0,30,1,2,1,1,251,3
469629,2025-01-31 04:05:56.072393,50.905,8,3734.047818,50.905,7,0xcaf00370,0,0,31,3232,11423,0,1,0,6,1,0,30,1,2,1,1,253,3
469630,2025-01-31 04:05:56.072459,0.066,8,3734.047884,0.066,1,0xcaf00370,0,0,31,3232,11423,0,1,0,6,1,0,30,1,2,1,1,253,3
471253,2025-01-31 04:05:56.121451,48.992,8,3734.096876,48.992,7,0xcaf00370,0,0,31,3270,11461,1,1,0,6,1,0,30,1,2,1,1,253,3
471256,2025-01-31 04:05:56.121507,0.056,8,3734.096932,0.056,1,0xcaf00370,0,0,31,3270,11461,1,1,0,6,1,0,30,1,2,1,1,253,3
472995,2025-01-31 04:05:56.171828,50.321,8,3734.147253,50.321,7,0xcaf00370,0,0,31,3669,11860,2,1,0,6,1,0,30,1,2,1,1,0,3
472996,2025-01-31 04:05:56.171874,0.046,8,3734.147298,0.045,1,0xcaf00370,0,0,31,3669,11860,2,1,0,6,1,0,30,1,2,1,1,0,3
475372,2025-01-31 04:05:56.241598,69.72399999999999,8,3734.217023,69.725,7,0xcaf00370,0,0,31,4061,12252,3,1,0,6,1,0,30,1,2,1,1,3,3
475373,2025-01-31 04:05:56.241634,0.036000000000000004,8,3734.217059,0.036,1,0xcaf00370,0,0,31,4061,12252,3,1,0,6,1,0,30,1,2,1,1,3,3
478769,2025-01-31 04:05:56.341539,99.90499999999999,8,3734.316964,99.905,7,0xcaf00370,0,0,31,5637,5637,0,1,0,6,1,0,30,1,2,1,1,0,3
478770,2025-01-31 04:05:56.341556,0.017,8,3734.31698,0.016,1,0xcaf00370,0,0,31,5637,5637,0,1,0,6,1,0,30,1,2,1,1,0,3
480502,2025-01-31 04:05:56.391766,50.21,8,3734.367191,50.211,7,0xcaf00370,0,0,31,5852,5852,1,1,0,6,1,0,30,1,2,1,1,1,3
480503,2025-01-31 04:05:56.391775,0.009000000000000001,8,3734.3672,0.009,1,0xcaf00370,0,0,31,5852,5852,1,1,0,6,1,0,30,1,2,1,1,1,3
482509,2025-01-31 04:05:56.452503,60.727999999999994,8,3734.427928,60.728,1,0xcaf00370,0,0,31,5920,5920,2,0,0,6,1,0,22,1,2,1,1,3,3
482511,2025-01-31 04:05:56.452507,0.004,8,3734.427932,0.004,7,0xcaf00370,0,0,31,5920,5920,2,0,0,6,1,0,22,1,2,1,1,3,3
484124,2025-01-31 04:05:56.501295,48.788,8,3734.476719,48.787,1,0xcaf00370,0,0,31,5920,5920,3,1,0,44,1,0,8,2,0,1,9,0,1
484125,2025-01-31 04:05:56.501302,0.007,8,3734.476727,0.008,7,0xcaf00370,0,0,31,5920,5920,3,1,0,44,1,0,8,2,0,1,9,0,1
486083,2025-01-31 04:05:56.561362,60.06,8,3734.536786,60.059,7,0xcaf00370,0,0,31,6227,6227,0,1,0,6,1,0,30,1,2,1,1,0,3
486084,2025-01-31 04:05:56.561444,0.082,8,3734.536869,0.083,1,0xcaf00370,0,0,31,6227,6227,0,1,0,6,1,0,30,1,2,1,1,0,3
487735,2025-01-31 04:05:56.611464,50.02,8,3734.586888,50.019,7,0xcaf00370,0,0,31,6301,6301,1,0,0,6,1,0,30,1,2,1,1,0,3
487736,2025-01-31 04:05:56.611464,0.0,8,3734.586889,0.001,1,0xcaf00370,0,0,31,6301,6301,1,0,0,6,1,0,30,1,2,1,1,0,3
490087,2025-01-31 04:05:56.681755,70.29100000000001,8,3734.65718,70.291,1,0xcaf00370,0,0,31,6301,6301,2,1,0,45,1,0,0,2,0,0,10,135,0
490088,2025-01-31 04:05:56.681760,0.005,8,3734.657185,0.005,7,0xcaf00370,0,0,31,6301,6301,2,1,0,45,1,0,0,2,0,0,10,135,0
491776,2025-01-31 04:05:56.731461,49.701,8,3734.706885,49.7,1,0xcaf00370,0,0,31,6337,6337,3,1,0,6,1,0,30,1,2,1,1,1,3
491777,2025-01-31 04:05:56.731466,0.005,8,3734.706891,0.006,7,0xcaf00370,0,0,31,6337,6337,3,1,0,6,1,0,30,1,2,1,1,1,3
493833,2025-01-31 04:05:56.791731,60.265,8,3734.767156,60.265,7,0xcaf00370,0,0,31,6615,6615,0,1,0,6,1,0,30,1,2,1,1,0,3
493836,2025-01-31 04:05:56.791799,0.068,8,3734.767223,0.067,1,0xcaf00370,0,0,31,6615,6615,0,1,0,6,1,0,30,1,2,1,1,0,3
495411,2025-01-31 04:05:56.841284,49.485,8,3734.816709,49.486,7,0xcaf00370,0,0,31,6671,6671,1,1,0,6,1,0,30,1,2,1,1,253,3
495412,2025-01-31 04:05:56.841285,0.001,8,3734.816709,0.0,1,0xcaf00370,0,0,31,6671,6671,1,1,0,6,1,0,30,1,2,1,1,253,3
497093,2025-01-31 04:05:56.891750,50.465,8,3734.867175,50.466,7,0xcaf00370,0,0,31,7558,7558,2,1,0,6,1,0,30,1,2,1,1,253,3
497096,2025-01-31 04:05:56.891841,0.091,8,3734.867265,0.09,1,0xcaf00370,0,0,31,7558,7558,2,1,0,6,1,0,30,1,2,1,1,253,3
498749,2025-01-31 04:05:56.941580,49.739,8,3734.917005,49.74,7,0xcaf00370,0,0,31,7605,7605,3,1,0,6,1,0,30,1,2,1,1,1,3
498750,2025-01-31 04:05:56.941588,0.008,8,3734.917013,0.008,1,0xcaf00370,0,0,31,7605,7605,3,1,0,6,1,0,30,1,2,1,1,1,3
500772,2025-01-31 04:05:57.002273,60.685,8,3734.977698,60.685,7,0xcaf00370,0,0,31,1989,10180,0,1,0,6,1,0,30,1,2,1,1,251,3
500773,2025-01-31 04:05:57.002285,0.012,8,3734.97771,0.012,1,0xcaf00370,0,0,31,1989,10180,0,1,0,6,1,0,30,1,2,1,1,251,3
502422,2025-01-31 04:05:57.051657,49.372,8,3735.027082,49.372,7,0xcaf00370,0,0,31,3232,11423,1,1,0,6,1,0,30,1,2,1,1,253,3
502424,2025-01-31 04:05:57.051672,0.015000000000000001,8,3735.027097,0.015,1,0xcaf00370,0,0,31,3232,11423,1,1,0,6,1,0,30,1,2,1,1,253,3
504042,2025-01-31 04:05:57.101782,50.11,8,3735.077207,50.11,7,0xcaf00370,0,0,31,3270,11461,2,1,0,6,1,0,30,1,2,1,1,253,3
504043,2025-01-31 04:05:57.101800,0.018000000000000002,8,3735.077225,0.018,1,0xcaf00370,0,0,31,3270,11461,2,1,0,6,1,0,30,1,2,1,1,253,3
505751,2025-01-31 04:05:57.151745,49.945,8,3735.12717,49.945,7,0xcaf00370,0,0,31,3669,11860,3,1,0,6,1,0,30,1,2,1,1,0,3
505752,2025-01-31 04:05:57.151751,0.006,8,3735.127176,0.006,1,0xcaf00370,0,0,31,3669,11860,3,1,0,6,1,0,30,1,2,1,1,0,3
508107,2025-01-31 04:05:57.221975,70.22399999999999,8,3735.1974,70.224,7,0xcaf00370,0,0,31,4061,12252,0,1,0,6,1,0,30,1,2,1,1,3,3
508109,2025-01-31 04:05:57.221999,0.024,8,3735.197424,0.024,1,0xcaf00370,0,0,31,4061,12252,0,1,0,6,1,0,30,1,2,1,1,3,3
511500,2025-01-31 04:05:57.321570,99.57100000000001,8,3735.296995,99.571,7,0xcaf00370,0,0,31,5637,5637,1,1,0,6,1,0,30,1,2,1,1,0,3
511501,2025-01-31 04:05:57.321645,0.075,8,3735.29707,0.075,1,0xcaf00370,0,0,31,5637,5637,1,1,0,6,1,0,30,1,2,1,1,0,3
513249,2025-01-31 04:05:57.371502,49.857,8,3735.346927,49.857,7,0xcaf00370,0,0,31,5852,5852,2,1,0,6,1,0,30,1,2,1,1,1,3
513250,2025-01-31 04:05:57.371535,0.033,8,3735.34696,0.033,1,0xcaf00370,0,0,31,5852,5852,2,1,0,6,1,0,30,1,2,1,1,1,3
515228,2025-01-31 04:05:57.431388,59.853,8,3735.406813,59.853,7,0xcaf00370,0,0,31,5920,5920,3,0,0,6,1,0,22,1,2,1,1,3,3
515231,2025-01-31 04:05:57.431423,0.034999999999999996,8,3735.406848,0.035,1,0xcaf00370,0,0,31,5920,5920,3,0,0,6,1,0,22,1,2,1,1,3,3
516860,2025-01-31 04:05:57.481344,49.921,8,3735.456769,49.921,7,0xcaf00370,0,0,31,5920,5920,0,1,0,44,1,0,8,2,0,1,9,0,1
516861,2025-01-31 04:05:57.481349,0.005,8,3735.456773,0.004,1,0xcaf00370,0,0,31,5920,5920,0,1,0,44,1,0,8,2,0,1,9,0,1
518858,2025-01-31 04:05:57.542249,60.900000000000006,8,3735.517673,60.9,7,0xcaf00370,0,0,31,6227,6227,1,1,0,6,1,0,30,1,2,1,1,0,3
518859,2025-01-31 04:05:57.542285,0.036000000000000004,8,3735.517709,0.036,1,0xcaf00370,0,0,31,6227,6227,1,1,0,6,1,0,30,1,2,1,1,0,3
520541,2025-01-31 04:05:57.591595,49.31,8,3735.56702,49.311,7,0xcaf00370,0,0,31,6301,6301,2,0,0,6,1,0,30,1,2,1,1,0,3
520546,2025-01-31 04:05:57.591715,0.12000000000000001,8,3735.56714,0.12,1,0xcaf00370,0,0,31,6301,6301,2,0,0,6,1,0,30,1,2,1,1,0,3
522548,2025-01-31 04:05:57.651570,59.855,8,3735.626994,59.854,1,0xcaf00370,0,0,31,6301,6301,3,1,0,45,1,0,0,2,0,0,10,135,0
522554,2025-01-31 04:05:57.651748,0.178,8,3735.627173,0.179,7,0xcaf00370,0,0,31,6301,6301,3,1,0,45,1,0,0,2,0,0,10,135,0
524237,2025-01-31 04:05:57.701275,49.527,8,3735.676699,49.526,7,0xcaf00370,0,0,31,6337,6337,0,1,0,6,1,0,30,1,2,1,1,1,3
524239,2025-01-31 04:05:57.701295,0.02,8,3735.67672,0.021,1,0xcaf00370,0,0,31,6337,6337,0,1,0,6,1,0,30,1,2,1,1,1,3
526266,2025-01-31 04:05:57.761783,60.488,8,3735.737208,60.488,7,0xcaf00370,0,0,31,6615,6615,1,1,0,6,1,0,30,1,2,1,1,0,3
526273,2025-01-31 04:05:57.762056,0.273,8,3735.73748,0.272,1,0xcaf00370,0,0,31,6615,6615,1,1,0,6,1,0,30,1,2,1,1,0,3
527945,2025-01-31 04:05:57.811451,49.395,8,3735.786876,49.396,7,0xcaf00370,0,0,31,6671,6671,2,1,0,6,1,0,30,1,2,1,1,253,3
527970,2025-01-31 04:05:57.812272,0.821,8,3735.787697,0.821,1,0xcaf00370,0,0,31,6671,6671,2,1,0,6,1,0,30,1,2,1,1,253,3
529995,2025-01-31 04:05:57.871694,59.422000000000004,8,3735.847119,59.422,7,0xcaf00370,0,0,31,7558,7558,3,1,0,6,1,0,30,1,2,1,1,253,3
530025,2025-01-31 04:05:57.872730,1.036,8,3735.848155,1.036,1,0xcaf00370,0,0,31,7558,7558,3,1,0,6,1,0,30,1,2,1,1,253,3
531576,2025-01-31 04:05:57.921338,48.608,8,3735.896763,48.608,7,0xcaf00370,0,0,31,7605,7605,0,1,0,6,1,0,30,1,2,1,1,1,3
531634,2025-01-31 04:05:57.923238,1.9,8,3735.898662,1.899,1,0xcaf00370,0,0,31,7605,7605,0,1,0,6,1,0,30,1,2,1,1,1,3
533992,2025-01-31 04:05:57.992006,68.768,8,3735.96743,68.768,7,0xcaf00370,0,0,31,1989,10180,1,1,0,6,1,0,30,1,2,1,1,251,3
534052,2025-01-31 04:05:57.993778,1.772,8,3735.969203,1.773,1,0xcaf00370,0,0,31,1989,10180,1,1,0,6,1,0,30,1,2,1,1,251,3
535547,2025-01-31 04:05:58.041295,47.516999999999996,8,3736.01672,47.517,7,0xcaf00370,0,0,31,3232,11423,2,1,0,6,1,0,30,1,2,1,1,253,3
535617,2025-01-31 04:05:58.043843,2.548,8,3736.019268,2.548,1,0xcaf00370,0,0,31,3232,11423,2,1,0,6,1,0,30,1,2,1,1,253,3
537577,2025-01-31 04:05:58.101425,57.582,8,3736.07685,57.582,7,0xcaf00370,0,0,31,3270,11461,3,1,0,6,1,0,30,1,2,1,1,253,3
537646,2025-01-31 04:05:58.104031,2.606,8,3736.079456,2.606,1,0xcaf00370,0,0,31,3270,11461,3,1,0,6,1,0,30,1,2,1,1,253,3
539268,2025-01-31 04:05:58.151982,47.951,8,3736.127407,47.951,7,0xcaf00370,0,0,31,3669,11860,0,1,0,6,1,0,30,1,2,1,1,0,3
539349,2025-01-31 04:05:58.154819,2.837,8,3736.130244,2.837,1,0xcaf00370,0,0,31,3669,11860,0,1,0,6,1,0,30,1,2,1,1,0,3
541311,2025-01-31 04:05:58.211501,56.682,8,3736.186925,56.681,7,0xcaf00370,0,0,31,4061,12252,1,1,0,6,1,0,30,1,2,1,1,3,3
541408,2025-01-31 04:05:58.214992,3.491,8,3736.190417,3.492,1,0xcaf00370,0,0,31,4061,12252,1,1,0,6,1,0,30,1,2,1,1,3,3
544951,2025-01-31 04:05:58.321630,106.63799999999999,8,3736.297055,106.638,7,0xcaf00370,0,0,31,5637,5637,2,1,0,6,1,0,30,1,2,1,1,0,3
545100,2025-01-31 04:05:58.326416,4.7860000000000005,8,3736.301841,4.786,1,0xcaf00370,0,0,31,5637,5637,2,1,0,6,1,0,30,1,2,1,1,0,3
546682,2025-01-31 04:05:58.371587,45.171,8,3736.347011,45.17,7,0xcaf00370,0,0,31,5852,5852,3,1,0,6,1,0,30,1,2,1,1,1,3
546836,2025-01-31 04:05:58.376230,4.643000000000001,8,3736.351655,4.644,1,0xcaf00370,0,0,31,5852,5852,3,1,0,6,1,0,30,1,2,1,1,1,3
548305,2025-01-31 04:05:58.421628,45.398,8,3736.397053,45.398,7,0xcaf00370,0,0,31,5920,5920,0,0,0,6,1,0,22,1,2,1,1,3,3
548471,2025-01-31 04:05:58.426932,5.303999999999999,8,3736.402357,5.304,1,0xcaf00370,0,0,31,5920,5920,0,0,0,6,1,0,22,1,2,1,1,3,3
549978,2025-01-31 04:05:58.471659,44.727000000000004,8,3736.447084,44.727,7,0xcaf00370,0,0,31,5920,5920,1,1,0,44,1,0,8,2,0,1,9,0,1
550139,2025-01-31 04:05:58.477008,5.348999999999999,8,3736.452433,5.349,1,0xcaf00370,0,0,31,5920,5920,1,1,0,44,1,0,8,2,0,1,9,0,1
552233,2025-01-31 04:05:58.541369,64.361,8,3736.516794,64.361,7,0xcaf00370,0,0,31,6227,6227,2,1,0,6,1,0,30,1,2,1,1,0,3
552388,2025-01-31 04:05:58.547261,5.8919999999999995,8,3736.522686,5.892,1,0xcaf00370,0,0,31,6227,6227,2,1,0,6,1,0,30,1,2,1,1,0,3
553945,2025-01-31 04:05:58.591347,44.086,8,3736.566772,44.086,7,0xcaf00370,0,0,31,6301,6301,3,0,0,6,1,0,30,1,2,1,1,0,3
554127,2025-01-31 04:05:58.597533,6.186,8,3736.572957,6.185,1,0xcaf00370,0,0,31,6301,6301,3,0,0,6,1,0,30,1,2,1,1,0,3
556078,2025-01-31 04:05:58.656152,58.619,8,3736.631577,58.62,7,0xcaf00370,0,0,31,6301,6301,0,1,0,45,1,0,0,2,0,0,10,135,0
556341,2025-01-31 04:05:58.662836,6.684,8,3736.638261,6.684,1,0xcaf00370,0,0,31,6301,6301,0,1,0,45,1,0,0,2,0,0,10,135,0
557675,2025-01-31 04:05:58.701624,38.788000000000004,8,3736.677049,38.788,7,0xcaf00370,0,0,31,6337,6337,1,1,0,6,1,0,30,1,2,1,1,1,3
557856,2025-01-31 04:05:58.708359,6.734999999999999,8,3736.683784,6.735,1,0xcaf00370,0,0,31,6337,6337,1,1,0,6,1,0,30,1,2,1,1,1,3
559370,2025-01-31 04:05:58.752745,44.386,8,3736.72817,44.386,7,0xcaf00370,0,0,31,6615,6615,2,1,0,6,1,0,30,1,2,1,1,0,3
559594,2025-01-31 04:05:58.759730,6.985,8,3736.735155,6.985,1,0xcaf00370,0,0,31,6615,6615,2,1,0,6,1,0,30,1,2,1,1,0,3
561041,2025-01-31 04:05:58.801865,42.135,8,3736.77729,42.135,7,0xcaf00370,0,0,31,6671,6671,3,1,0,6,1,0,30,1,2,1,1,253,3
561276,2025-01-31 04:05:58.809552,7.687,8,3736.784977,7.687,1,0xcaf00370,0,0,31,6671,6671,3,1,0,6,1,0,30,1,2,1,1,253,3
563269,2025-01-31 04:05:58.871414,61.862,8,3736.846839,61.862,7,0xcaf00370,0,0,31,7558,7558,0,1,0,6,1,0,30,1,2,1,1,253,3
563529,2025-01-31 04:05:58.879556,8.142,8,3736.85498,8.141,1,0xcaf00370,0,0,31,7558,7558,0,1,0,6,1,0,30,1,2,1,1,253,3
564852,2025-01-31 04:05:58.921474,41.918,8,3736.896898,41.918,7,0xcaf00370,0,0,31,7605,7605,1,1,0,6,1,0,30,1,2,1,1,1,3
565169,2025-01-31 04:05:58.929950,8.475999999999999,8,3736.905374,8.476,1,0xcaf00370,0,0,31,7605,7605,1,1,0,6,1,0,30,1,2,1,1,1,3
566906,2025-01-31 04:05:58.981351,51.401,8,3736.956776,51.402,7,0xcaf00370,0,0,31,1989,10180,2,1,0,6,1,0,30,1,2,1,1,251,3
567233,2025-01-31 04:05:58.990468,9.117,8,3736.965892,9.116,1,0xcaf00370,0,0,31,1989,10180,2,1,0,6,1,0,30,1,2,1,1,251,3
568541,2025-01-31 04:05:59.031466,40.998,8,3737.006891,40.999,7,0xcaf00370,0,0,31,3232,11423,3,1,0,6,1,0,30,1,2,1,1,253,3
568813,2025-01-31 04:05:59.040654,9.188,8,3737.016079,9.188,1,0xcaf00370,0,0,31,3232,11423,3,1,0,6,1,0,30,1,2,1,1,253,3
570918,2025-01-31 04:05:59.102088,61.434000000000005,8,3737.077513,61.434,7,0xcaf00370,0,0,31,3270,11461,0,1,0,6,1,0,30,1,2,1,1,253,3
571231,2025-01-31 04:05:59.111562,9.474,8,3737.086986,9.473,1,0xcaf00370,0,0,31,3270,11461,0,1,0,6,1,0,30,1,2,1,1,253,3
572587,2025-01-31 04:05:59.152342,40.779999999999994,8,3737.127766,40.78,7,0xcaf00370,0,0,31,3669,11860,1,1,0,6,1,0,30,1,2,1,1,0,3
572903,2025-01-31 04:05:59.162224,9.882,8,3737.137649,9.883,1,0xcaf00370,0,0,31,3669,11860,1,1,0,6,1,0,30,1,2,1,1,0,3
574297,2025-01-31 04:05:59.201680,39.455999999999996,8,3737.177105,39.456,7,0xcaf00370,0,0,31,4061,12252,2,1,0,6,1,0,30,1,2,1,1,3,3
574639,2025-01-31 04:05:59.212142,10.462000000000002,8,3737.187567,10.462,1,0xcaf00370,0,0,31,4061,12252,2,1,0,6,1,0,30,1,2,1,1,3,3
577968,2025-01-31 04:05:59.311646,99.50399999999999,8,3737.287071,99.504,7,0xcaf00370,0,0,31,5637,5637,3,1,0,6,1,0,30,1,2,1,1,0,3
578287,2025-01-31 04:05:59.322670,11.024000000000001,8,3737.298094,11.023,1,0xcaf00370,0,0,31,5637,5637,3,1,0,6,1,0,30,1,2,1,1,0,3
579610,2025-01-31 04:05:59.361585,38.915,8,3737.33701,38.916,7,0xcaf00370,0,0,31,5852,5852,0,1,0,6,1,0,30,1,2,1,1,1,3
579986,2025-01-31 04:05:59.372934,11.349,8,3737.348358,11.348,1,0xcaf00370,0,0,31,5852,5852,0,1,0,6,1,0,30,1,2,1,1,1,3
581280,2025-01-31 04:05:59.411412,38.478,8,3737.386837,38.479,7,0xcaf00370,0,0,31,5920,5920,1,0,0,6,1,0,22,1,2,1,1,3,3
581615,2025-01-31 04:05:59.423090,11.677999999999999,8,3737.398514,11.677,1,0xcaf00370,0,0,31,5920,5920,1,0,0,6,1,0,22,1,2,1,1,3,3
582944,2025-01-31 04:05:59.461863,38.773,8,3737.437288,38.774,7,0xcaf00370,0,0,31,5920,5920,2,1,0,44,1,0,8,2,0,1,9,0,1
583327,2025-01-31 04:05:59.473870,12.007,8,3737.449295,12.007,1,0xcaf00370,0,0,31,5920,5920,2,1,0,44,1,0,8,2,0,1,9,0,1
584866,2025-01-31 04:05:59.521340,47.47,8,3737.496765,47.47,7,0xcaf00370,0,0,31,6227,6227,3,1,0,6,1,0,30,1,2,1,1,0,3
585281,2025-01-31 04:05:59.533828,12.488000000000001,8,3737.509252,12.487,1,0xcaf00370,0,0,31,6227,6227,3,1,0,6,1,0,30,1,2,1,1,0,3
586580,2025-01-31 04:05:59.571772,37.943999999999996,8,3737.547197,37.945,7,0xcaf00370,0,0,31,6301,6301,0,0,0,6,1,0,30,1,2,1,1,0,3
587001,2025-01-31 04:05:59.584491,12.719,8,3737.559916,12.719,1,0xcaf00370,0,0,31,6301,6301,0,0,0,6,1,0,30,1,2,1,1,0,3
588565,2025-01-31 04:05:59.631356,46.864999999999995,8,3737.60678,46.864,7,0xcaf00370,0,0,31,6301,6301,1,1,0,45,1,0,0,2,0,0,10,135,0
588974,2025-01-31 04:05:59.644481,13.125,8,3737.619906,13.126,1,0xcaf00370,0,0,31,6301,6301,1,1,0,45,1,0,0,2,0,0,10,135,0
590299,2025-01-31 04:05:59.681606,37.125,8,3737.657031,37.125,7,0xcaf00370,0,0,31,6337,6337,2,1,0,6,1,0,30,1,2,1,1,1,3
590773,2025-01-31 04:05:59.695035,13.429,8,3737.67046,13.429,1,0xcaf00370,0,0,31,6337,6337,2,1,0,6,1,0,30,1,2,1,1,1,3
591956,2025-01-31 04:05:59.731667,36.632,8,3737.707092,36.632,7,0xcaf00370,0,0,31,6615,6615,3,1,0,6,1,0,30,1,2,1,1,0,3
592387,2025-01-31 04:05:59.745399,13.732,8,3737.720824,13.732,1,0xcaf00370,0,0,31,6615,6615,3,1,0,6,1,0,30,1,2,1,1,0,3
593672,2025-01-31 04:05:59.781341,35.942,8,3737.756766,35.942,7,0xcaf00370,0,0,31,6671,6671,0,1,0,6,1,0,30,1,2,1,1,253,3
594147,2025-01-31 04:05:59.794984,13.643,8,3737.770409,13.643,1,0xcaf00370,0,0,31,6671,6671,0,1,0,6,1,0,30,1,2,1,1,253,3
596008,2025-01-31 04:05:59.852382,57.397999999999996,8,3737.827807,57.398,7,0xcaf00370,0,0,31,7558,7558,1,1,0,6,1,0,30,1,2,1,1,253,3
596489,2025-01-31 04:05:59.865856,13.474,8,3737.841281,13.474,1,0xcaf00370,0,0,31,7558,7558,1,1,0,6,1,0,30,1,2,1,1,253,3
597675,2025-01-31 04:05:59.901316,35.46,8,3737.87674,35.459,7,0xcaf00370,0,0,31,7605,7605,2,1,0,6,1,0,30,1,2,1,1,1,3
598101,2025-01-31 04:05:59.914728,13.412,8,3737.890153,13.413,1,0xcaf00370,0,0,31,7605,7605,2,1,0,6,1,0,30,1,2,1,1,1,3
599650,2025-01-31 04:05:59.961358,46.629999999999995,8,3737.936782,46.629,7,0xcaf00370,0,0,31,1989,10180,3,1,0,6,1,0,30,1,2,1,1,251,3
600095,2025-01-31 04:05:59.974608,13.25,8,3737.950033,13.251,1,0xcaf00370,0,0,31,1989,10180,3,1,0,6,1,0,30,1,2,1,1,251,3
601328,2025-01-31 04:06:00.011400,36.792,8,3737.986824,36.791,7,0xcaf00370,0,0,31,3232,11423,0,1,0,6,1,0,30,1,2,1,1,253,3
601711,2025-01-31 04:06:00.024532,13.132,8,3737.999957,13.133,1,0xcaf00370,0,0,31,3232,11423,0,1,0,6,1,0,30,1,2,1,1,253,3
603283,2025-01-31 04:06:00.072135,47.603,8,3738.04756,47.603,7,0xcaf00370,0,0,31,3270,11461,1,1,0,6,1,0,30,1,2,1,1,253,3
603702,2025-01-31 04:06:00.084918,12.783,8,3738.060342,12.782,1,0xcaf00370,0,0,31,3270,11461,1,1,0,6,1,0,30,1,2,1,1,253,3
604911,2025-01-31 04:06:00.121332,36.414,8,3738.096757,36.415,7,0xcaf00370,0,0,31,3669,11860,2,1,0,6,1,0,30,1,2,1,1,0,3
605355,2025-01-31 04:06:00.134346,13.014,8,3738.109771,13.014,1,0xcaf00370,0,0,31,3669,11860,2,1,0,6,1,0,30,1,2,1,1,0,3
606996,2025-01-31 04:06:00.181401,47.055,8,3738.156825,47.054,7,0xcaf00370,0,0,31,4061,12252,3,1,0,6,1,0,30,1,2,1,1,3,3
607428,2025-01-31 04:06:00.194172,12.770999999999999,8,3738.169597,12.772,1,0xcaf00370,0,0,31,4061,12252,3,1,0,6,1,0,30,1,2,1,1,3,3
610789,2025-01-31 04:06:00.292861,98.689,8,3738.268286,98.689,7,0xcaf00370,0,0,31,5637,5637,0,1,0,6,1,0,30,1,2,1,1,0,3
611223,2025-01-31 04:06:00.305698,12.837,8,3738.281123,12.837,1,0xcaf00370,0,0,31,5637,5637,0,1,0,6,1,0,30,1,2,1,1,0,3
612369,2025-01-31 04:06:00.341359,35.661,8,3738.316784,35.661,7,0xcaf00370,0,0,31,5852,5852,1,1,0,6,1,0,30,1,2,1,1,1,3
612793,2025-01-31 04:06:00.353799,12.44,8,3738.329224,12.44,1,0xcaf00370,0,0,31,5852,5852,1,1,0,6,1,0,30,1,2,1,1,1,3
614428,2025-01-31 04:06:00.401385,47.586000000000006,8,3738.37681,47.586,7,0xcaf00370,0,0,31,5920,5920,2,0,0,6,1,0,22,1,2,1,1,3,3
614814,2025-01-31 04:06:00.413685,12.3,8,3738.38911,12.3,1,0xcaf00370,0,0,31,5920,5920,2,0,0,6,1,0,22,1,2,1,1,3,3
616021,2025-01-31 04:06:00.451707,38.022,8,3738.427132,38.022,7,0xcaf00370,0,0,31,5920,5920,3,1,0,44,1,0,8,2,0,1,9,0,1
616418,2025-01-31 04:06:00.463901,12.194,8,3738.439326,12.194,1,0xcaf00370,0,0,31,5920,5920,3,1,0,44,1,0,8,2,0,1,9,0,1
617726,2025-01-31 04:06:00.501866,37.964999999999996,8,3738.47729,37.964,7,0xcaf00370,0,0,31,6227,6227,0,1,0,6,1,0,30,1,2,1,1,0,3
618088,2025-01-31 04:06:00.513954,12.088,8,3738.489379,12.089,1,0xcaf00370,0,0,31,6227,6227,0,1,0,6,1,0,30,1,2,1,1,0,3
619323,2025-01-31 04:06:00.551686,37.732,8,3738.527111,37.732,7,0xcaf00370,0,0,31,6301,6301,1,0,0,6,1,0,30,1,2,1,1,0,3
619703,2025-01-31 04:06:00.563578,11.892,8,3738.539003,11.892,1,0xcaf00370,0,0,31,6301,6301,1,0,0,6,1,0,30,1,2,1,1,0,3
621351,2025-01-31 04:06:00.611424,47.846,8,3738.586849,47.846,7,0xcaf00370,0,0,31,6301,6301,2,1,0,45,1,0,0,2,0,0,10,135,0
621704,2025-01-31 04:06:00.623289,11.865,8,3738.598714,11.865,1,0xcaf00370,0,0,31,6301,6301,2,1,0,45,1,0,0,2,0,0,10,135,0
623005,2025-01-31 04:06:00.661345,38.056,8,3738.63677,38.056,7,0xcaf00370,0,0,31,6337,6337,3,1,0,6,1,0,30,1,2,1,1,1,3
623416,2025-01-31 04:06:00.673136,11.790999999999999,8,3738.648561,11.791,1,0xcaf00370,0,0,31,6337,6337,3,1,0,6,1,0,30,1,2,1,1,1,3
625378,2025-01-31 04:06:00.731799,58.663,8,3738.707224,58.663,7,0xcaf00370,0,0,31,6615,6615,0,1,0,6,1,0,30,1,2,1,1,0,3
625745,2025-01-31 04:06:00.743435,11.636000000000001,8,3738.718859,11.635,1,0xcaf00370,0,0,31,6615,6615,0,1,0,6,1,0,30,1,2,1,1,0,3
627097,2025-01-31 04:06:00.781366,37.931,8,3738.756791,37.932,7,0xcaf00370,0,0,31,6671,6671,1,1,0,6,1,0,30,1,2,1,1,253,3
627507,2025-01-31 04:06:00.793208,11.842,8,3738.768632,11.841,1,0xcaf00370,0,0,31,6671,6671,1,1,0,6,1,0,30,1,2,1,1,253,3
629142,2025-01-31 04:06:00.843313,50.105,8,3738.818738,50.106,7,0xcaf00370,0,0,31,7558,7558,2,1,0,6,1,0,30,1,2,1,1,253,3
629591,2025-01-31 04:06:00.855410,12.097,8,3738.830835,12.097,1,0xcaf00370,0,0,31,7558,7558,2,1,0,6,1,0,30,1,2,1,1,253,3
630832,2025-01-31 04:06:00.891500,36.089999999999996,8,3738.866925,36.09,7,0xcaf00370,0,0,31,7605,7605,3,1,0,6,1,0,30,1,2,1,1,1,3
631195,2025-01-31 04:06:00.903799,12.299,8,3738.879224,12.299,1,0xcaf00370,0,0,31,7605,7605,3,1,0,6,1,0,30,1,2,1,1,1,3
632779,2025-01-31 04:06:00.951841,48.042,8,3738.927266,48.042,7,0xcaf00370,0,0,31,1989,10180,0,1,0,6,1,0,30,1,2,1,1,251,3
633174,2025-01-31 04:06:00.964388,12.547,8,3738.939813,12.547,1,0xcaf00370,0,0,31,1989,10180,0,1,0,6,1,0,30,1,2,1,1,251,3
634464,2025-01-31 04:06:01.001346,36.958,8,3738.976771,36.958,7,0xcaf00370,0,0,31,3232,11423,1,1,0,6,1,0,30,1,2,1,1,253,3
634853,2025-01-31 04:06:01.014099,12.753,8,3738.989523,12.752,1,0xcaf00370,0,0,31,3232,11423,1,1,0,6,1,0,30,1,2,1,1,253,3
636398,2025-01-31 04:06:01.061355,47.256,8,3739.036779,47.256,7,0xcaf00370,0,0,31,3270,11461,2,1,0,6,1,0,30,1,2,1,1,253,3
636805,2025-01-31 04:06:01.074355,13.0,8,3739.049779,13.0,1,0xcaf00370,0,0,31,3270,11461,2,1,0,6,1,0,30,1,2,1,1,253,3
638077,2025-01-31 04:06:01.111981,37.626,8,3739.087406,37.627,7,0xcaf00370,0,0,31,3669,11860,3,1,0,6,1,0,30,1,2,1,1,0,3
638456,2025-01-31 04:06:01.124974,12.992999999999999,8,3739.100399,12.993,1,0xcaf00370,0,0,31,3669,11860,3,1,0,6,1,0,30,1,2,1,1,0,3
640075,2025-01-31 04:06:01.171864,46.89,8,3739.147289,46.89,7,0xcaf00370,0,0,31,4061,12252,0,1,0,6,1,0,30,1,2,1,1,3,3
640531,2025-01-31 04:06:01.185324,13.459999999999999,8,3739.160748,13.459,1,0xcaf00370,0,0,31,4061,12252,0,1,0,6,1,0,30,1,2,1,1,3,3
643816,2025-01-31 04:06:01.281645,96.321,8,3739.25707,96.322,7,0xcaf00370,0,0,31,5637,5637,1,1,0,6,1,0,30,1,2,1,1,0,3
644308,2025-01-31 04:06:01.295558,13.913,8,3739.270983,13.913,1,0xcaf00370,0,0,31,5637,5637,1,1,0,6,1,0,30,1,2,1,1,0,3
645488,2025-01-31 04:06:01.331512,35.954,8,3739.306936,35.953,7,0xcaf00370,0,0,31,5852,5852,2,1,0,6,1,0,30,1,2,1,1,1,3
645923,2025-01-31 04:06:01.345633,14.121,8,3739.321058,14.122,1,0xcaf00370,0,0,31,5852,5852,2,1,0,6,1,0,30,1,2,1,1,1,3
647590,2025-01-31 04:06:01.391409,45.775999999999996,8,3739.366834,45.776,7,0xcaf00370,0,0,31,5920,5920,3,0,0,6,1,0,22,1,2,1,1,3,3
648038,2025-01-31 04:06:01.405779,14.370000000000001,8,3739.381203,14.369,1,0xcaf00370,0,0,31,5920,5920,3,0,0,6,1,0,22,1,2,1,1,3,3
649216,2025-01-31 04:06:01.441333,35.554,8,3739.416757,35.554,7,0xcaf00370,0,0,31,5920,5920,0,1,0,44,1,0,8,2,0,1,9,0,1
649708,2025-01-31 04:06:01.455908,14.575,8,3739.431333,14.576,1,0xcaf00370,0,0,31,5920,5920,0,1,0,44,1,0,8,2,0,1,9,0,1
651262,2025-01-31 04:06:01.501340,45.432,8,3739.476765,45.432,7,0xcaf00370,0,0,31,6227,6227,1,1,0,6,1,0,30,1,2,1,1,0,3
651716,2025-01-31 04:06:01.516163,14.822999999999999,8,3739.491588,14.823,1,0xcaf00370,0,0,31,6227,6227,1,1,0,6,1,0,30,1,2,1,1,0,3
652889,2025-01-31 04:06:01.551909,35.746,8,3739.527334,35.746,7,0xcaf00370,0,0,31,6301,6301,2,0,0,6,1,0,30,1,2,1,1,0,3
653362,2025-01-31 04:06:01.566940,15.030999999999999,8,3739.542364,15.03,1,0xcaf00370,0,0,31,6301,6301,2,0,0,6,1,0,30,1,2,1,1,0,3
654933,2025-01-31 04:06:01.611362,44.422000000000004,8,3739.586786,44.422,7,0xcaf00370,0,0,31,6301,6301,3,1,0,45,1,0,0,2,0,0,10,135,0
655412,2025-01-31 04:06:01.626637,15.275,8,3739.602062,15.276,1,0xcaf00370,0,0,31,6301,6301,3,1,0,45,1,0,0,2,0,0,10,135,0
656596,2025-01-31 04:06:01.661362,34.725,8,3739.636786,34.724,7,0xcaf00370,0,0,31,6337,6337,0,1,0,6,1,0,30,1,2,1,1,1,3
657146,2025-01-31 04:06:01.676842,15.48,8,3739.652267,15.481,1,0xcaf00370,0,0,31,6337,6337,0,1,0,6,1,0,30,1,2,1,1,1,3
658628,2025-01-31 04:06:01.721831,44.989000000000004,8,3739.697256,44.989,7,0xcaf00370,0,0,31,6615,6615,1,1,0,6,1,0,30,1,2,1,1,0,3
659149,2025-01-31 04:06:01.737561,15.73,8,3739.712986,15.73,1,0xcaf00370,0,0,31,6615,6615,1,1,0,6,1,0,30,1,2,1,1,0,3
660342,2025-01-31 04:06:01.772444,34.882999999999996,8,3739.747869,34.883,7,0xcaf00370,0,0,31,6671,6671,2,1,0,6,1,0,30,1,2,1,1,253,3
660907,2025-01-31 04:06:01.788045,15.601,8,3739.76347,15.601,1,0xcaf00370,0,0,31,6671,6671,2,1,0,6,1,0,30,1,2,1,1,253,3
661987,2025-01-31 04:06:01.821521,33.476,8,3739.796945,33.475,7,0xcaf00370,0,0,31,7558,7558,3,1,0,6,1,0,30,1,2,1,1,253,3
662479,2025-01-31 04:06:01.837186,15.665,8,3739.812611,15.666,1,0xcaf00370,0,0,31,7558,7558,3,1,0,6,1,0,30,1,2,1,1,253,3
663635,2025-01-31 04:06:01.871432,34.245999999999995,8,3739.846857,34.246,7,0xcaf00370,0,0,31,7605,7605,0,1,0,6,1,0,30,1,2,1,1,1,3
664146,2025-01-31 04:06:01.887048,15.616,8,3739.862472,15.615,1,0xcaf00370,0,0,31,7605,7605,0,1,0,6,1,0,30,1,2,1,1,1,3
665622,2025-01-31 04:06:01.931501,44.453,8,3739.906926,44.454,7,0xcaf00370,0,0,31,1989,10180,1,1,0,6,1,0,30,1,2,1,1,251,3
666095,2025-01-31 04:06:01.947057,15.556000000000001,8,3739.922481,15.555,1,0xcaf00370,0,0,31,1989,10180,1,1,0,6,1,0,30,1,2,1,1,251,3
667312,2025-01-31 04:06:01.981334,34.277,8,3739.956759,34.278,7,0xcaf00370,0,0,31,3232,11423,2,1,0,6,1,0,30,1,2,1,1,253,3
667835,2025-01-31 04:06:01.996841,15.507,8,3739.972266,15.507,1,0xcaf00370,0,0,31,3232,11423,2,1,0,6,1,0,30,1,2,1,1,253,3
668963,2025-01-31 04:06:02.031737,34.896,8,3740.007162,34.896,7,0xcaf00370,0,0,31,3270,11461,3,1,0,6,1,0,30,1,2,1,1,253,3
669405,2025-01-31 04:06:02.047192,15.455,8,3740.022617,15.455,1,0xcaf00370,0,0,31,3270,11461,3,1,0,6,1,0,30,1,2,1,1,253,3
670608,2025-01-31 04:06:02.081599,34.407000000000004,8,3740.057024,34.407,7,0xcaf00370,0,0,31,3669,11860,0,1,0,6,1,0,30,1,2,1,1,0,3
671171,2025-01-31 04:06:02.097003,15.404,8,3740.072428,15.404,1,0xcaf00370,0,0,31,3669,11860,0,1,0,6,1,0,30,1,2,1,1,0,3
673015,2025-01-31 04:06:02.152035,55.032,8,3740.12746,55.032,7,0xcaf00370,0,0,31,4061,12252,1,1,0,6,1,0,30,1,2,1,1,3,3
673476,2025-01-31 04:06:02.167258,15.223,8,3740.142683,15.223,1,0xcaf00370,0,0,31,4061,12252,1,1,0,6,1,0,30,1,2,1,1,3,3
676705,2025-01-31 04:06:02.261647,94.389,8,3740.237071,94.388,7,0xcaf00370,0,0,31,5637,5637,2,1,0,6,1,0,30,1,2,1,1,0,3
677200,2025-01-31 04:06:02.276870,15.223,8,3740.252295,15.224,1,0xcaf00370,0,0,31,5637,5637,2,1,0,6,1,0,30,1,2,1,1,0,3
678382,2025-01-31 04:06:02.311732,34.861999999999995,8,3740.287156,34.861,7,0xcaf00370,0,0,31,5852,5852,3,1,0,6,1,0,30,1,2,1,1,1,3
678820,2025-01-31 04:06:02.326907,15.174999999999999,8,3740.302332,15.176,1,0xcaf00370,0,0,31,5852,5852,3,1,0,6,1,0,30,1,2,1,1,1,3
680420,2025-01-31 04:06:02.373284,46.377,8,3740.348709,46.377,7,0xcaf00370,0,0,31,5920,5920,0,0,0,6,1,0,22,1,2,1,1,3,3
680945,2025-01-31 04:06:02.388398,15.114,8,3740.363823,15.114,1,0xcaf00370,0,0,31,5920,5920,0,0,0,6,1,0,22,1,2,1,1,3,3
682055,2025-01-31 04:06:02.421492,33.094,8,3740.396917,33.094,7,0xcaf00370,0,0,31,5920,5920,1,1,0,44,1,0,8,2,0,1,9,0,1
682516,2025-01-31 04:06:02.436557,15.065,8,3740.411981,15.064,1,0xcaf00370,0,0,31,5920,5920,1,1,0,44,1,0,8,2,0,1,9,0,1
684470,2025-01-31 04:06:02.493649,57.092,8,3740.469074,57.093,7,0xcaf00370,0,0,31,6227,6227,2,1,0,6,1,0,30,1,2,1,1,0,3
684966,2025-01-31 04:06:02.508642,14.992999999999999,8,3740.484067,14.993,1,0xcaf00370,0,0,31,6227,6227,2,1,0,6,1,0,30,1,2,1,1,0,3
686028,2025-01-31 04:06:02.541290,32.648,8,3740.516714,32.647,7,0xcaf00370,0,0,31,6301,6301,3,0,0,6,1,0,30,1,2,1,1,0,3
686508,2025-01-31 04:06:02.556241,14.951,8,3740.531665,14.951,1,0xcaf00370,0,0,31,6301,6301,3,0,0,6,1,0,30,1,2,1,1,0,3
688064,2025-01-31 04:06:02.601310,45.068999999999996,8,3740.576735,45.07,7,0xcaf00370,0,0,31,6301,6301,0,1,0,45,1,0,0,2,0,0,10,135,0
688518,2025-01-31 04:06:02.616206,14.895999999999999,8,3740.59163,14.895,1,0xcaf00370,0,0,31,6301,6301,0,1,0,45,1,0,0,2,0,0,10,135,0
689687,2025-01-31 04:06:02.651688,35.482,8,3740.627112,35.482,7,0xcaf00370,0,0,31,6337,6337,1,1,0,6,1,0,30,1,2,1,1,1,3
690136,2025-01-31 04:06:02.666538,14.85,8,3740.641962,14.85,1,0xcaf00370,0,0,31,6337,6337,1,1,0,6,1,0,30,1,2,1,1,1,3
691716,2025-01-31 04:06:02.711543,45.005,8,3740.686968,45.006,7,0xcaf00370,0,0,31,6615,6615,2,1,0,6,1,0,30,1,2,1,1,0,3
692144,2025-01-31 04:06:02.726338,14.795000000000002,8,3740.701763,14.795,1,0xcaf00370,0,0,31,6615,6615,2,1,0,6,1,0,30,1,2,1,1,0,3
693313,2025-01-31 04:06:02.761291,34.952999999999996,8,3740.736716,34.953,7,0xcaf00370,0,0,31,6671,6671,3,1,0,6,1,0,30,1,2,1,1,253,3
693809,2025-01-31 04:06:02.775916,14.625,8,3740.751341,14.625,1,0xcaf00370,0,0,31,6671,6671,3,1,0,6,1,0,30,1,2,1,1,253,3
695345,2025-01-31 04:06:02.821351,45.435,8,3740.796776,45.435,7,0xcaf00370,0,0,31,7558,7558,0,1,0,6,1,0,30,1,2,1,1,253,3
695782,2025-01-31 04:06:02.835761,14.409999999999998,8,3740.811186,14.41,1,0xcaf00370,0,0,31,7558,7558,0,1,0,6,1,0,30,1,2,1,1,253,3
697008,2025-01-31 04:06:02.872057,36.296,8,3740.847482,36.296,7,0xcaf00370,0,0,31,7605,7605,1,1,0,6,1,0,30,1,2,1,1,1,3
697429,2025-01-31 04:06:02.885954,13.897,8,3740.861379,13.897,1,0xcaf00370,0,0,31,7605,7605,1,1,0,6,1,0,30,1,2,1,1,1,3
699255,2025-01-31 04:06:02.941566,55.612,8,3740.916991,55.612,7,0xcaf00370,0,0,31,1989,10180,2,1,0,6,1,0,30,1,2,1,1,251,3
699700,2025-01-31 04:06:02.955328,13.762,8,3740.930752,13.761,1,0xcaf00370,0,0,31,1989,10180,2,1,0,6,1,0,30,1,2,1,1,251,3
700964,2025-01-31 04:06:02.991269,35.941,8,3740.966693,35.941,7,0xcaf00370,0,0,31,3232,11423,3,1,0,6,1,0,30,1,2,1,1,253,3
701369,2025-01-31 04:06:03.004897,13.628,8,3740.980321,13.628,1,0xcaf00370,0,0,31,3232,11423,3,1,0,6,1,0,30,1,2,1,1,253,3
702918,2025-01-31 04:06:03.051725,46.828,8,3741.02715,46.829,7,0xcaf00370,0,0,31,3270,11461,0,1,0,6,1,0,30,1,2,1,1,253,3
703312,2025-01-31 04:06:03.064764,13.039,8,3741.040189,13.039,1,0xcaf00370,0,0,31,3270,11461,0,1,0,6,1,0,30,1,2,1,1,253,3
704562,2025-01-31 04:06:03.101249,36.485,8,3741.076674,36.485,7,0xcaf00370,0,0,31,3669,11860,1,1,0,6,1,0,30,1,2,1,1,0,3
704980,2025-01-31 04:06:03.114248,12.999,8,3741.089673,12.999,1,0xcaf00370,0,0,31,3669,11860,1,1,0,6,1,0,30,1,2,1,1,0,3
706504,2025-01-31 04:06:03.161266,47.018,8,3741.136691,47.018,7,0xcaf00370,0,0,31,4061,12252,2,1,0,6,1,0,30,1,2,1,1,3,3
706968,2025-01-31 04:06:03.174433,13.167,8,3741.149858,13.167,1,0xcaf00370,0,0,31,4061,12252,2,1,0,6,1,0,30,1,2,1,1,3,3
709993,2025-01-31 04:06:03.261255,86.822,8,3741.23668,86.822,7,0xcaf00370,0,0,31,5637,5637,3,1,0,6,1,0,30,1,2,1,1,0,3
710371,2025-01-31 04:06:03.273488,12.233,8,3741.248912,12.232,1,0xcaf00370,0,0,31,5637,5637,3,1,0,6,1,0,30,1,2,1,1,0,3
711724,2025-01-31 04:06:03.311850,38.362,8,3741.287274,38.362,7,0xcaf00370,0,0,31,5852,5852,0,1,0,6,1,0,30,1,2,1,1,1,3
712053,2025-01-31 04:06:03.323767,11.917,8,3741.299191,11.917,1,0xcaf00370,0,0,31,5852,5852,0,1,0,6,1,0,30,1,2,1,1,1,3
714052,2025-01-31 04:06:03.381263,57.495999999999995,8,3741.356687,57.496,7,0xcaf00370,0,0,31,5920,5920,1,0,0,6,1,0,22,1,2,1,1,3,3
714448,2025-01-31 04:06:03.392922,11.658999999999999,8,3741.368347,11.66,1,0xcaf00370,0,0,31,5920,5920,1,0,0,6,1,0,22,1,2,1,1,3,3
715681,2025-01-31 04:06:03.431217,38.295,8,3741.406641,38.294,7,0xcaf00370,0,0,31,5920,5920,2,1,0,44,1,0,8,2,0,1,9,0,1
716014,2025-01-31 04:06:03.442771,11.554,8,3741.418195,11.554,1,0xcaf00370,0,0,31,5920,5920,2,1,0,44,1,0,8,2,0,1,9,0,1
717290,2025-01-31 04:06:03.481523,38.752,8,3741.456948,38.753,7,0xcaf00370,0,0,31,6227,6227,3,1,0,6,1,0,30,1,2,1,1,0,3
717679,2025-01-31 04:06:03.492703,11.180000000000001,8,3741.468128,11.18,1,0xcaf00370,0,0,31,6227,6227,3,1,0,6,1,0,30,1,2,1,1,0,3
718939,2025-01-31 04:06:03.531202,38.498999999999995,8,3741.506627,38.499,7,0xcaf00370,0,0,31,6301,6301,0,0,0,6,1,0,30,1,2,1,1,0,3
719276,2025-01-31 04:06:03.542289,11.087,8,3741.517714,11.087,1,0xcaf00370,0,0,31,6301,6301,0,0,0,6,1,0,30,1,2,1,1,0,3
721338,2025-01-31 04:06:03.603050,60.761,8,3741.578475,60.761,7,0xcaf00370,0,0,31,6301,6301,1,1,0,45,1,0,0,2,0,0,10,135,0
721698,2025-01-31 04:06:03.613645,10.595,8,3741.58907,10.595,1,0xcaf00370,0,0,31,6301,6301,1,1,0,45,1,0,0,2,0,0,10,135,0
723003,2025-01-31 04:06:03.652366,38.721,8,3741.62779,38.72,7,0xcaf00370,0,0,31,6337,6337,2,1,0,6,1,0,30,1,2,1,1,1,3
723323,2025-01-31 04:06:03.662520,10.154,8,3741.637945,10.155,1,0xcaf00370,0,0,31,6337,6337,2,1,0,6,1,0,30,1,2,1,1,1,3
725025,2025-01-31 04:06:03.711835,49.315,8,3741.68726,49.315,7,0xcaf00370,0,0,31,6615,6615,3,1,0,6,1,0,30,1,2,1,1,0,3
725334,2025-01-31 04:06:03.722080,10.245000000000001,8,3741.697505,10.245,1,0xcaf00370,0,0,31,6615,6615,3,1,0,6,1,0,30,1,2,1,1,0,3
726643,2025-01-31 04:06:03.761207,39.127,8,3741.736631,39.126,7,0xcaf00370,0,0,31,6671,6671,0,1,0,6,1,0,30,1,2,1,1,253,3
726993,2025-01-31 04:06:03.771952,10.745,8,3741.747376,10.745,1,0xcaf00370,0,0,31,6671,6671,0,1,0,6,1,0,30,1,2,1,1,253,3
728676,2025-01-31 04:06:03.821223,49.271,8,3741.796648,49.272,7,0xcaf00370,0,0,31,7558,7558,1,1,0,6,1,0,30,1,2,1,1,253,3
729014,2025-01-31 04:06:03.831323,10.1,8,3741.806748,10.1,1,0xcaf00370,0,0,31,7558,7558,1,1,0,6,1,0,30,1,2,1,1,253,3
730386,2025-01-31 04:06:03.871864,40.541000000000004,8,3741.847288,40.54,7,0xcaf00370,0,0,31,7605,7605,2,1,0,6,1,0,30,1,2,1,1,1,3
730715,2025-01-31 04:06:03.881838,9.974,8,3741.857263,9.975,1,0xcaf00370,0,0,31,7605,7605,2,1,0,6,1,0,30,1,2,1,1,1,3
732661,2025-01-31 04:06:03.941504,59.666,8,3741.916929,59.666,7,0xcaf00370,0,0,31,1989,10180,3,1,0,6,1,0,30,1,2,1,1,251,3
733038,2025-01-31 04:06:03.951913,10.409,8,3741.927338,10.409,1,0xcaf00370,0,0,31,1989,10180,3,1,0,6,1,0,30,1,2,1,1,251,3
734343,2025-01-31 04:06:03.991323,39.410000000000004,8,3741.966747,39.409,7,0xcaf00370,0,0,31,3232,11423,0,1,0,6,1,0,30,1,2,1,1,253,3
734676,2025-01-31 04:06:04.001596,10.273,8,3741.977021,10.274,1,0xcaf00370,0,0,31,3232,11423,0,1,0,6,1,0,30,1,2,1,1,253,3
735931,2025-01-31 04:06:04.041497,39.900999999999996,8,3742.016921,39.9,7,0xcaf00370,0,0,31,3270,11461,1,1,0,6,1,0,30,1,2,1,1,253,3
736320,2025-01-31 04:06:04.052481,10.984,8,3742.027905,10.984,1,0xcaf00370,0,0,31,3270,11461,1,1,0,6,1,0,30,1,2,1,1,253,3
737634,2025-01-31 04:06:04.091464,38.983,8,3742.066889,38.984,7,0xcaf00370,0,0,31,3669,11860,2,1,0,6,1,0,30,1,2,1,1,0,3
737969,2025-01-31 04:06:04.101697,10.233,8,3742.077121,10.232,1,0xcaf00370,0,0,31,3669,11860,2,1,0,6,1,0,30,1,2,1,1,0,3
739635,2025-01-31 04:06:04.152128,50.431,8,3742.127553,50.432,7,0xcaf00370,0,0,31,4061,12252,3,1,0,6,1,0,30,1,2,1,1,3,3
739967,2025-01-31 04:06:04.162629,10.501,8,3742.138054,10.501,1,0xcaf00370,0,0,31,4061,12252,3,1,0,6,1,0,30,1,2,1,1,3,3
743345,2025-01-31 04:06:04.261485,98.856,8,3742.23691,98.856,7,0xcaf00370,0,0,31,5637,5637,0,1,0,6,1,0,30,1,2,1,1,0,3
743690,2025-01-31 04:06:04.272055,10.57,8,3742.24748,10.57,1,0xcaf00370,0,0,31,5637,5637,0,1,0,6,1,0,30,1,2,1,1,0,3
745046,2025-01-31 04:06:04.311431,39.376000000000005,8,3742.286856,39.376,7,0xcaf00370,0,0,31,5852,5852,1,1,0,6,1,0,30,1,2,1,1,1,3
745337,2025-01-31 04:06:04.321831,10.4,8,3742.297255,10.399,1,0xcaf00370,0,0,31,5852,5852,1,1,0,6,1,0,30,1,2,1,1,1,3
747337,2025-01-31 04:06:04.381830,59.998999999999995,8,3742.357255,60.0,7,0xcaf00370,0,0,31,5920,5920,2,0,0,6,1,0,22,1,2,1,1,3,3
747719,2025-01-31 04:06:04.392393,10.562999999999999,8,3742.367818,10.563,1,0xcaf00370,0,0,31,5920,5920,2,0,0,6,1,0,22,1,2,1,1,3,3
748980,2025-01-31 04:06:04.431155,38.762,8,3742.406579,38.761,7,0xcaf00370,0,0,31,5920,5920,3,1,0,44,1,0,8,2,0,1,9,0,1
749301,2025-01-31 04:06:04.441911,10.756,8,3742.417336,10.757,1,0xcaf00370,0,0,31,5920,5920,3,1,0,44,1,0,8,2,0,1,9,0,1
750967,2025-01-31 04:06:04.491864,49.952999999999996,8,3742.467288,49.952,7,0xcaf00370,0,0,31,6227,6227,0,1,0,6,1,0,30,1,2,1,1,0,3
751299,2025-01-31 04:06:04.502149,10.285,8,3742.477574,10.286,1,0xcaf00370,0,0,31,6227,6227,0,1,0,6,1,0,30,1,2,1,1,0,3
752527,2025-01-31 04:06:04.541201,39.05200000000001,8,3742.516625,39.051,7,0xcaf00370,0,0,31,6301,6301,1,0,0,6,1,0,30,1,2,1,1,0,3
752903,2025-01-31 04:06:04.552047,10.846,8,3742.527471,10.846,1,0xcaf00370,0,0,31,6301,6301,1,0,0,6,1,0,30,1,2,1,1,0,3
754521,2025-01-31 04:06:04.601425,49.378,8,3742.57685,49.379,7,0xcaf00370,0,0,31,6301,6301,2,1,0,45,1,0,0,2,0,0,10,135,0
754880,2025-01-31 04:06:04.612362,10.937000000000001,8,3742.587787,10.937,1,0xcaf00370,0,0,31,6301,6301,2,1,0,45,1,0,0,2,0,0,10,135,0
756182,2025-01-31 04:06:04.651528,39.166,8,3742.626953,39.166,7,0xcaf00370,0,0,31,6337,6337,3,1,0,6,1,0,30,1,2,1,1,1,3
756535,2025-01-31 04:06:04.662716,11.188,8,3742.638141,11.188,1,0xcaf00370,0,0,31,6337,6337,3,1,0,6,1,0,30,1,2,1,1,1,3
758491,2025-01-31 04:06:04.721473,58.757,8,3742.696898,58.757,7,0xcaf00370,0,0,31,6615,6615,0,1,0,6,1,0,30,1,2,1,1,0,3
758875,2025-01-31 04:06:04.732848,11.375,8,3742.708273,11.375,1,0xcaf00370,0,0,31,6615,6615,0,1,0,6,1,0,30,1,2,1,1,0,3
760131,2025-01-31 04:06:04.771314,38.466,8,3742.746739,38.466,7,0xcaf00370,0,0,31,6671,6671,1,1,0,6,1,0,30,1,2,1,1,253,3
760513,2025-01-31 04:06:04.782224,10.91,8,3742.757649,10.91,1,0xcaf00370,0,0,31,6671,6671,1,1,0,6,1,0,30,1,2,1,1,253,3
761828,2025-01-31 04:06:04.821466,39.242,8,3742.796891,39.242,7,0xcaf00370,0,0,31,7558,7558,2,1,0,6,1,0,30,1,2,1,1,253,3
762189,2025-01-31 04:06:04.832248,10.782,8,3742.807673,10.782,1,0xcaf00370,0,0,31,7558,7558,2,1,0,6,1,0,30,1,2,1,1,253,3
763457,2025-01-31 04:06:04.871154,38.906000000000006,8,3742.846578,38.905,7,0xcaf00370,0,0,31,7605,7605,3,1,0,6,1,0,30,1,2,1,1,1,3
763805,2025-01-31 04:06:04.881680,10.526,8,3742.857105,10.527,1,0xcaf00370,0,0,31,7605,7605,3,1,0,6,1,0,30,1,2,1,1,1,3
765456,2025-01-31 04:06:04.931208,49.528000000000006,8,3742.906632,49.527,7,0xcaf00370,0,0,31,1989,10180,0,1,0,6,1,0,30,1,2,1,1,251,3
765790,2025-01-31 04:06:04.941543,10.335,8,3742.916967,10.335,1,0xcaf00370,0,0,31,1989,10180,0,1,0,6,1,0,30,1,2,1,1,251,3
767092,2025-01-31 04:06:04.981168,39.625,8,3742.956593,39.626,7,0xcaf00370,0,0,31,3232,11423,1,1,0,6,1,0,30,1,2,1,1,253,3
767469,2025-01-31 04:06:04.991277,10.109,8,3742.966701,10.108,1,0xcaf00370,0,0,31,3232,11423,1,1,0,6,1,0,30,1,2,1,1,253,3
769040,2025-01-31 04:06:05.041210,49.933,8,3743.016635,49.934,7,0xcaf00370,0,0,31,3270,11461,2,1,0,6,1,0,30,1,2,1,1,253,3
769380,2025-01-31 04:06:05.051089,9.879000000000001,8,3743.026513,9.878,1,0xcaf00370,0,0,31,3270,11461,2,1,0,6,1,0,30,1,2,1,1,253,3
770764,2025-01-31 04:06:05.091374,40.285000000000004,8,3743.066799,40.286,7,0xcaf00370,0,0,31,3669,11860,3,1,0,6,1,0,30,1,2,1,1,0,3
771054,2025-01-31 04:06:05.101063,9.689,8,3743.076487,9.688,1,0xcaf00370,0,0,31,3669,11860,3,1,0,6,1,0,30,1,2,1,1,0,3
772774,2025-01-31 04:06:05.151623,50.56,8,3743.127048,50.561,7,0xcaf00370,0,0,31,4061,12252,0,1,0,6,1,0,30,1,2,1,1,3,3
773078,2025-01-31 04:06:05.161083,9.459999999999999,8,3743.136508,9.46,1,0xcaf00370,0,0,31,4061,12252,0,1,0,6,1,0,30,1,2,1,1,3,3
776133,2025-01-31 04:06:05.252157,91.074,8,3743.227582,91.074,7,0xcaf00370,0,0,31,5637,5637,1,1,0,6,1,0,30,1,2,1,1,0,3
776465,2025-01-31 04:06:05.261093,8.936,8,3743.236518,8.936,1,0xcaf00370,0,0,31,5637,5637,1,1,0,6,1,0,30,1,2,1,1,0,3
777819,2025-01-31 04:06:05.301964,40.870999999999995,8,3743.277388,40.87,7,0xcaf00370,0,0,31,5852,5852,2,1,0,6,1,0,30,1,2,1,1,1,3
778130,2025-01-31 04:06:05.310773,8.809000000000001,8,3743.286198,8.81,1,0xcaf00370,0,0,31,5852,5852,2,1,0,6,1,0,30,1,2,1,1,1,3
779787,2025-01-31 04:06:05.361468,50.695,8,3743.336893,50.695,7,0xcaf00370,0,0,31,5920,5920,3,0,0,6,1,0,22,1,2,1,1,3,3
780060,2025-01-31 04:06:05.370127,8.659,8,3743.345552,8.659,1,0xcaf00370,0,0,31,5920,5920,3,0,0,6,1,0,22,1,2,1,1,3,3
781444,2025-01-31 04:06:05.411205,41.078,8,3743.386629,41.077,7,0xcaf00370,0,0,31,5920,5920,0,1,0,44,1,0,8,2,0,1,9,0,1
781445,2025-01-31 04:06:05.411205,0.0,8,3743.386629,0.0,7,0xcaf00370,0,0,31,5920,5920,0,1,0,44,1,0,8,2,0,1,9,0,1
781696,2025-01-31 04:06:05.419674,8.469000000000001,8,3743.395099,8.47,1,0xcaf00370,0,0,31,5920,5920,0,1,0,44,1,0,8,2,0,1,9,0,1
783377,2025-01-31 04:06:05.471202,51.528,8,3743.446627,51.528,7,0xcaf00370,0,0,31,6227,6227,1,1,0,6,1,0,30,1,2,1,1,0,3
783646,2025-01-31 04:06:05.479443,8.241,8,3743.454868,8.241,1,0xcaf00370,0,0,31,6227,6227,1,1,0,6,1,0,30,1,2,1,1,0,3
785001,2025-01-31 04:06:05.521183,41.74,8,3743.496607,41.739,7,0xcaf00370,0,0,31,6301,6301,2,0,0,6,1,0,30,1,2,1,1,0,3
785296,2025-01-31 04:06:05.529507,8.324,8,3743.504932,8.325,1,0xcaf00370,0,0,31,6301,6301,2,0,0,6,1,0,30,1,2,1,1,0,3
787368,2025-01-31 04:06:05.591872,62.364999999999995,8,3743.567296,62.364,7,0xcaf00370,0,0,31,6301,6301,3,1,0,45,1,0,0,2,0,0,10,135,0
787630,2025-01-31 04:06:05.599645,7.773000000000001,8,3743.57507,7.774,1,0xcaf00370,0,0,31,6301,6301,3,1,0,45,1,0,0,2,0,0,10,135,0
788974,2025-01-31 04:06:05.641197,41.552,8,3743.616622,41.552,7,0xcaf00370,0,0,31,6337,6337,0,1,0,6,1,0,30,1,2,1,1,1,3
789211,2025-01-31 04:06:05.648779,7.582,8,3743.624204,7.582,1,0xcaf00370,0,0,31,6337,6337,0,1,0,6,1,0,30,1,2,1,1,1,3
790722,2025-01-31 04:06:05.691853,43.074,8,3743.667278,43.074,7,0xcaf00370,0,0,31,6615,6615,1,1,0,6,1,0,30,1,2,1,1,0,3
790957,2025-01-31 04:06:05.699225,7.372,8,3743.67465,7.372,1,0xcaf00370,0,0,31,6615,6615,1,1,0,6,1,0,30,1,2,1,1,0,3
