logIndex,logTime,¦¤logTime[ms],length,timeStamp[s],¦¤timeStamp[ms],seq,ID,msgcnt,¦¤msgcnt,Path Index,Offset,Offset(Adj),Cyclic Counter,Last Stub at Offset,Rerouting Flag,Sub-path Index,Retransmission,Update,Relative Probability,Functional Road Class,Part of Calculated route,Expressway Flag,Form of Way,Turn angle,Number of Lanes in driving direction
147,2025-06-25 04:33:11.993362,0.0,8,1703.141479,0.0,1,0xcaf00370,0,0,8,2046,2046,0,0,0,34,1,0,0,4,0,0,2,73,0
1056,2025-06-25 04:33:12.883872,890.51,8,1703.232031,90.552,1,0xcaf00370,0,0,8,2046,2046,1,1,0,35,1,0,0,3,0,1,2,193,1
1555,2025-06-25 04:33:12.933552,49.68,8,1703.28171,49.679,1,0xcaf00370,0,0,8,2094,2094,2,0,0,6,1,0,27,3,2,0,2,0,2
2326,2025-06-25 04:33:13.003881,70.32900000000001,8,1703.35204,70.33,1,0xcaf00370,0,0,8,2094,2094,3,1,0,36,1,0,3,6,0,1,13,66,1
2848,2025-06-25 04:33:13.053299,49.418,8,1703.401457,49.417,1,0xcaf00370,0,0,8,2140,2140,0,0,0,6,1,0,27,3,2,0,2,253,2
3381,2025-06-25 04:33:13.103617,50.318000000000005,8,1703.451776,50.319,1,0xcaf00370,0,0,8,2140,2140,1,1,0,37,1,0,3,6,0,1,13,64,1
3887,2025-06-25 04:33:13.153509,49.891999999999996,8,1703.501668,49.892,1,0xcaf00370,0,0,8,2147,2147,2,1,0,6,1,0,30,3,2,0,2,0,3
4391,2025-06-25 04:33:13.204068,50.559,8,1703.552226,50.558,1,0xcaf00370,0,0,8,2192,2192,3,0,0,6,1,0,22,3,2,0,2,1,2
4891,2025-06-25 04:33:13.253346,49.278000000000006,8,1703.601504,49.278,1,0xcaf00370,0,0,8,2192,2192,0,1,0,38,1,0,8,3,0,0,3,192,1
5415,2025-06-25 04:33:13.303626,50.28,8,1703.651784,50.28,1,0xcaf00370,0,0,8,2203,2203,1,0,0,6,1,0,27,3,2,0,2,0,2
5904,2025-06-25 04:33:13.353319,49.693,8,1703.701478,49.694,1,0xcaf00370,0,0,8,2203,10394,2,1,0,39,1,0,3,6,0,1,13,64,1
6870,2025-06-25 04:33:13.444330,91.011,8,1703.792489,91.011,1,0xcaf00370,0,0,8,2217,10408,3,0,0,6,1,0,27,3,2,0,2,0,2
7347,2025-06-25 04:33:13.493606,49.276,8,1703.841764,49.275,1,0xcaf00370,0,0,8,2217,10408,0,1,0,40,1,0,3,6,0,1,13,50,1
7887,2025-06-25 04:33:13.544387,50.781,8,1703.892545,50.781,1,0xcaf00370,0,0,8,2252,10443,1,0,0,6,1,0,27,3,2,0,2,0,2
8357,2025-06-25 04:33:13.594032,49.645,8,1703.94219,49.645,1,0xcaf00370,0,0,8,2252,10443,2,1,0,41,1,0,3,6,0,1,13,67,1
9246,2025-06-25 04:33:13.683903,89.87100000000001,8,1704.032061,89.871,1,0xcaf00370,0,0,8,2279,10470,3,0,0,6,1,0,27,3,2,0,2,0,2
9776,2025-06-25 04:33:13.733597,49.694,8,1704.081755,49.694,1,0xcaf00370,0,0,8,2279,10470,0,1,0,42,1,0,3,6,0,1,13,66,1
10301,2025-06-25 04:33:13.784295,50.698,8,1704.132454,50.699,1,0xcaf00370,0,0,8,2294,10485,1,0,0,6,1,0,27,3,2,0,2,253,2
10823,2025-06-25 04:33:13.833618,49.323,8,1704.181777,49.323,1,0xcaf00370,0,0,8,2294,10485,2,1,0,43,1,0,3,6,0,1,13,64,1
11745,2025-06-25 04:33:13.923877,90.259,8,1704.272024,90.247,1,0xcaf00370,0,0,8,2311,10502,3,0,0,6,1,0,27,3,2,0,2,1,3
12245,2025-06-25 04:33:13.973807,49.93,8,1704.321954,49.93,1,0xcaf00370,0,0,8,2311,10502,0,1,0,44,1,0,3,6,0,1,13,68,1
12998,2025-06-25 04:33:14.044318,70.51100000000001,8,1704.392466,70.512,1,0xcaf00370,0,0,8,2367,10558,1,0,0,6,1,0,24,3,2,0,2,0,2
13502,2025-06-25 04:33:14.093722,49.404,8,1704.44187,49.404,1,0xcaf00370,0,0,8,2367,10558,2,1,0,45,1,0,6,5,0,0,3,191,1
14014,2025-06-25 04:33:14.144369,50.647,8,1704.492516,50.646,1,0xcaf00370,0,0,8,2446,10637,3,0,0,6,1,0,30,3,2,0,2,253,2
14507,2025-06-25 04:33:14.193654,49.285000000000004,8,1704.541801,49.285,1,0xcaf00370,0,0,8,2446,10637,0,0,0,46,1,0,31,7,0,0,3,254,15
15025,2025-06-25 04:33:14.244982,51.327999999999996,8,1704.593129,51.328,1,0xcaf00370,0,0,8,2446,10637,1,1,0,47,1,0,0,5,0,0,3,191,1
15534,2025-06-25 04:33:14.293705,48.723,8,1704.641852,48.723,1,0xcaf00370,0,0,8,2479,10670,2,0,0,6,1,0,27,3,2,0,2,1,2
16231,2025-06-25 04:33:14.364056,70.351,8,1704.712203,70.351,1,0xcaf00370,0,0,8,2479,10670,3,1,0,48,1,0,3,6,0,0,3,64,1
16765,2025-06-25 04:33:14.415000,50.944,8,1704.763147,50.944,1,0xcaf00370,0,0,8,2545,10736,0,0,0,6,1,0,27,3,2,0,2,1,2
17427,2025-06-25 04:33:14.484227,69.227,8,1704.832374,69.227,1,0xcaf00370,0,0,8,2545,10736,1,1,0,49,1,0,3,5,0,0,3,65,1
17973,2025-06-25 04:33:14.533886,49.659,8,1704.882034,49.66,1,0xcaf00370,0,0,8,2603,10794,2,0,0,6,1,0,27,3,2,0,2,0,2
18693,2025-06-25 04:33:14.604067,70.181,8,1704.952214,70.18,1,0xcaf00370,0,0,8,2603,10794,3,1,0,50,1,0,3,5,0,0,3,63,1
19181,2025-06-25 04:33:14.653718,49.651,8,1705.001865,49.651,1,0xcaf00370,0,0,8,2621,10812,0,1,0,6,1,0,30,3,2,0,2,0,3
19883,2025-06-25 04:33:14.724384,70.66600000000001,8,1705.072532,70.667,1,0xcaf00370,0,0,8,2657,10848,1,0,0,6,1,0,22,3,2,0,2,1,2
20375,2025-06-25 04:33:14.773900,49.516,8,1705.122047,49.515,1,0xcaf00370,0,0,8,2657,10848,2,1,0,51,1,0,8,3,0,0,3,193,1
20901,2025-06-25 04:33:14.824494,50.594,8,1705.172641,50.594,1,0xcaf00370,0,0,8,2809,11000,3,1,0,6,1,0,30,3,2,0,2,0,3
21399,2025-06-25 04:33:14.874366,49.872,8,1705.222561,49.92,1,0xcaf00370,0,0,14,264,264,0,0,0,6,1,0,0,3,0,0,3,133,1
22306,2025-06-25 04:33:14.963729,89.363,8,1705.311924,89.363,1,0xcaf00370,0,0,14,264,264,1,1,0,53,1,0,0,3,0,0,3,2,0
22841,2025-06-25 04:33:15.014371,50.642,8,1705.362566,50.642,1,0xcaf00370,0,0,8,2852,11043,2,0,0,6,1,0,24,3,2,0,2,0,2
23554,2025-06-25 04:33:15.084194,69.823,8,1705.432389,69.823,1,0xcaf00370,0,0,8,2852,11043,3,1,0,52,1,0,6,5,0,0,3,191,1
24096,2025-06-25 04:33:15.133890,49.696,8,1705.482085,49.696,1,0xcaf00370,0,0,8,2862,11053,0,0,0,6,1,0,27,3,2,0,2,0,2
24810,2025-06-25 04:33:15.203942,70.052,8,1705.552137,70.052,1,0xcaf00370,0,0,8,2862,11053,1,1,0,54,1,0,3,6,0,1,13,62,1
25308,2025-06-25 04:33:15.253664,49.722,8,1705.601859,49.722,1,0xcaf00370,0,0,8,2914,11105,2,0,0,6,1,0,27,3,2,0,2,0,2
26036,2025-06-25 04:33:15.325056,71.392,8,1705.673251,71.392,1,0xcaf00370,0,0,8,2914,11105,3,1,0,55,1,0,3,6,0,1,13,61,1
26538,2025-06-25 04:33:15.373897,48.841,8,1705.722092,48.841,1,0xcaf00370,0,0,8,2938,11129,0,1,0,6,1,0,30,3,2,0,2,0,3
27262,2025-06-25 04:33:15.444558,70.661,8,1705.792753,70.661,1,0xcaf00370,0,0,8,2975,11166,1,1,0,6,1,0,30,3,2,0,2,1,4
27725,2025-06-25 04:33:15.493847,49.289,8,1705.842042,49.289,1,0xcaf00370,0,0,8,2990,11181,2,0,0,6,1,0,27,3,2,0,2,0,4
28459,2025-06-25 04:33:15.564068,70.221,8,1705.912263,70.221,1,0xcaf00370,0,0,8,2990,11181,3,1,0,56,1,0,3,6,0,1,13,64,1
28935,2025-06-25 04:33:15.613850,49.782,8,1705.962045,49.782,1,0xcaf00370,0,0,8,3003,11194,0,0,0,6,1,0,27,3,2,0,2,253,4
29675,2025-06-25 04:33:15.685013,71.16300000000001,8,1706.033208,71.163,1,0xcaf00370,0,0,8,3003,11194,1,1,0,57,1,0,3,6,0,1,13,60,1
30193,2025-06-25 04:33:15.733627,48.614,8,1706.081821,48.613,1,0xcaf00370,0,0,8,3056,11247,2,0,0,6,1,0,24,3,2,0,2,253,2
31128,2025-06-25 04:33:15.824085,90.458,8,1706.172279,90.458,1,0xcaf00370,0,0,8,3056,11247,3,0,0,58,1,0,6,4,0,0,3,193,1
31604,2025-06-25 04:33:15.873818,49.733,8,1706.222085,49.806,1,0xcaf00370,0,0,8,3056,11247,0,1,0,59,1,0,31,7,0,0,3,254,15
32156,2025-06-25 04:33:15.923926,50.108,8,1706.272194,50.109,1,0xcaf00370,0,0,8,3108,11299,1,0,0,6,1,0,27,3,2,0,2,251,2
32633,2025-06-25 04:33:15.973813,49.887,8,1706.322081,49.887,1,0xcaf00370,0,0,8,3108,11299,2,1,0,60,1,0,3,6,0,1,13,63,1
33196,2025-06-25 04:33:16.024100,50.287,8,1706.372368,50.287,1,0xcaf00370,0,0,8,3135,11326,3,1,0,6,0,0,30,3,2,0,2,253,3
33680,2025-06-25 04:33:16.073673,49.573,8,1706.421941,49.573,1,0xcaf00370,0,0,8,3135,11326,0,1,0,6,1,0,30,3,2,0,2,253,3
34412,2025-06-25 04:33:16.144529,70.85600000000001,8,1706.492796,70.855,1,0xcaf00370,0,0,8,3165,11356,1,0,0,6,0,0,22,3,2,0,2,1,2
34952,2025-06-25 04:33:16.194242,49.713,8,1706.54251,49.714,1,0xcaf00370,0,0,8,3165,11356,2,0,0,6,1,0,22,3,2,0,2,1,2
35464,2025-06-25 04:33:16.244862,50.62,8,1706.59313,50.62,1,0xcaf00370,0,0,8,3165,11356,3,0,0,61,0,0,6,5,0,0,3,192,1
35961,2025-06-25 04:33:16.293796,48.934,8,1706.642064,48.934,1,0xcaf00370,0,0,8,3165,11356,0,0,0,61,1,0,6,5,0,0,3,192,1
36674,2025-06-25 04:33:16.364035,70.23899999999999,8,1706.712303,70.239,1,0xcaf00370,0,0,8,3165,11356,1,1,0,62,0,0,2,5,0,0,3,65,1
37180,2025-06-25 04:33:16.413626,49.591,8,1706.761893,49.59,1,0xcaf00370,0,0,8,3165,11356,2,1,0,62,1,0,2,5,0,0,3,65,1
37891,2025-06-25 04:33:16.484074,70.448,8,1706.832342,70.449,1,0xcaf00370,0,0,8,3242,11433,3,1,0,6,0,0,30,3,2,0,2,0,3
38400,2025-06-25 04:33:16.533817,49.743,8,1706.882085,49.743,1,0xcaf00370,0,0,8,3242,11433,0,1,0,6,1,0,30,3,2,0,2,0,3
39168,2025-06-25 04:33:16.604879,71.062,8,1706.953147,71.062,1,0xcaf00370,0,0,8,3277,11468,1,0,0,6,0,0,24,3,2,0,2,0,2
39635,2025-06-25 04:33:16.653846,48.967,8,1707.002113,48.966,1,0xcaf00370,0,0,8,3277,11468,2,0,0,6,1,0,24,3,2,0,2,0,2
40356,2025-06-25 04:33:16.724043,70.19699999999999,8,1707.072311,70.198,1,0xcaf00370,0,0,8,3277,11468,3,1,0,63,0,0,6,6,0,0,3,190,1
40830,2025-06-25 04:33:16.773811,49.768,8,1707.122079,49.768,1,0xcaf00370,0,0,8,3277,11468,0,1,0,63,1,0,6,6,0,0,3,190,1
41591,2025-06-25 04:33:16.844105,70.294,8,1707.192372,70.293,1,0xcaf00370,0,0,8,4244,4244,1,0,0,6,1,0,30,2,2,1,1,251,5
42056,2025-06-25 04:33:16.892658,48.553,8,1707.241912,49.54,1,0xcaf00370,0,0,8,4244,4244,2,1,0,14,1,0,0,3,0,0,10,120,0
42793,2025-06-25 04:33:16.963089,70.431,8,1707.312344,70.432,1,0xcaf00370,0,0,8,4461,4461,3,1,0,6,1,0,30,2,2,1,1,252,4
43385,2025-06-25 04:33:17.019021,55.932,8,1707.368275,55.931,1,0xcaf00370,0,0,8,4712,4712,0,1,0,6,1,0,30,2,2,1,1,0,4
43828,2025-06-25 04:33:17.063471,44.45,8,1707.412725,44.45,1,0xcaf00370,0,0,8,5015,5015,1,1,0,6,1,0,30,2,2,1,1,0,4
44346,2025-06-25 04:33:17.112886,49.415,8,1707.462141,49.416,1,0xcaf00370,0,0,8,5346,5346,2,1,0,6,1,0,30,2,2,1,1,0,5
45036,2025-06-25 04:33:17.183097,70.211,8,1707.532352,70.211,1,0xcaf00370,0,0,8,5356,5356,3,0,0,6,1,0,26,2,2,1,1,0,4
45563,2025-06-25 04:33:17.232864,49.766999999999996,8,1707.582119,49.767,1,0xcaf00370,0,0,8,5356,5356,0,1,0,15,1,0,4,3,0,1,10,6,1
46272,2025-06-25 04:33:17.303164,70.3,8,1707.652419,70.3,1,0xcaf00370,0,0,8,6828,6828,1,0,0,6,1,0,30,2,2,1,1,1,5
46783,2025-06-25 04:33:17.352886,49.722,8,1707.702141,49.722,1,0xcaf00370,0,0,8,6828,6828,2,1,0,16,1,0,0,3,0,0,10,120,0
47898,2025-06-25 04:33:17.463393,110.50699999999999,8,1707.812648,110.507,1,0xcaf00370,0,0,8,6944,6944,3,1,0,6,1,0,30,2,2,1,1,0,4
48405,2025-06-25 04:33:17.512901,49.508,8,1707.862156,49.508,1,0xcaf00370,0,0,8,7111,7111,0,0,0,6,1,0,30,2,2,1,1,0,5
48935,2025-06-25 04:33:17.563292,50.391,8,1707.912547,50.391,1,0xcaf00370,0,0,8,7111,7111,1,1,0,17,1,0,0,3,0,0,10,119,0
49420,2025-06-25 04:33:17.612666,49.374,8,1707.96192,49.373,1,0xcaf00370,0,0,8,7243,7243,2,1,0,6,1,0,30,2,2,1,1,253,4
49930,2025-06-25 04:33:17.663158,50.492000000000004,8,1708.012413,50.493,1,0xcaf00370,0,0,8,600,8791,3,0,0,6,1,0,26,2,2,1,1,0,3
50426,2025-06-25 04:33:17.712679,49.521,8,1708.061934,49.521,1,0xcaf00370,0,0,8,600,8791,0,1,0,22,1,0,4,2,0,1,9,8,2
51155,2025-06-25 04:33:17.783198,70.519,8,1708.132453,70.519,1,0xcaf00370,0,0,8,840,9031,1,0,0,6,1,0,26,3,2,1,1,0,1
51697,2025-06-25 04:33:17.833133,49.935,8,1708.182387,49.934,1,0xcaf00370,0,0,8,840,9031,2,1,0,23,1,0,4,2,0,1,9,248,2
52456,2025-06-25 04:33:17.905038,71.905,8,1708.253449,71.062,1,0xcaf00370,0,0,8,1100,9291,3,1,0,6,1,0,30,3,2,1,1,3,1
52957,2025-06-25 04:33:17.953766,48.728,8,1708.302177,48.728,1,0xcaf00370,0,0,8,1180,9371,0,1,0,6,1,0,30,3,2,1,1,253,1
53483,2025-06-25 04:33:18.004039,50.272999999999996,8,1708.35245,50.273,1,0xcaf00370,0,0,8,1367,9558,1,1,0,6,1,0,30,3,2,1,1,253,1
54053,2025-06-25 04:33:18.053505,49.466,8,1708.401916,49.466,1,0xcaf00370,0,0,8,1407,9598,2,1,0,6,1,0,30,3,2,1,1,253,1
54943,2025-06-25 04:33:18.143872,90.367,8,1708.492283,90.367,1,0xcaf00370,0,0,8,1422,9613,3,0,0,6,1,0,30,3,2,1,1,253,2
55430,2025-06-25 04:33:18.193582,49.709999999999994,8,1708.541993,49.71,1,0xcaf00370,0,0,8,1422,9613,0,1,0,28,1,0,0,3,0,0,9,119,0
55953,2025-06-25 04:33:18.244967,51.385,8,1708.593378,51.385,1,0xcaf00370,0,0,8,1630,9821,1,0,0,6,1,0,30,3,2,1,9,0,3
56447,2025-06-25 04:33:18.294019,49.052,8,1708.64243,49.052,1,0xcaf00370,0,0,8,1630,9821,2,1,0,29,1,0,0,3,0,0,9,114,0
57355,2025-06-25 04:33:18.383807,89.78800000000001,8,1708.732218,89.788,1,0xcaf00370,0,0,8,1749,9940,3,1,0,6,1,0,30,3,2,1,9,1,2
57854,2025-06-25 04:33:18.433561,49.754,8,1708.781972,49.754,1,0xcaf00370,0,0,8,1828,10019,0,1,0,6,1,0,30,3,2,1,9,0,3
58360,2025-06-25 04:33:18.484095,50.534000000000006,8,1708.832506,50.534,1,0xcaf00370,0,0,8,2022,10213,1,0,0,6,1,0,16,3,2,1,2,1,1
58905,2025-06-25 04:33:18.533754,49.659,8,1708.882165,49.659,1,0xcaf00370,0,0,8,2022,10213,2,0,0,30,1,0,14,3,0,1,2,64,2
59409,2025-06-25 04:33:18.584090,50.336,8,1708.932501,50.336,1,0xcaf00370,0,0,8,2022,10213,3,1,0,31,1,0,0,3,0,0,2,191,0
59924,2025-06-25 04:33:18.633790,49.7,8,1708.982202,49.701,1,0xcaf00370,0,0,8,2035,10226,0,0,0,6,1,0,21,3,2,0,2,191,1
60672,2025-06-25 04:33:18.704302,70.512,8,1709.052713,70.511,1,0xcaf00370,0,0,8,2035,10226,1,0,0,32,1,0,9,4,0,0,2,243,1
61167,2025-06-25 04:33:18.754915,50.613,8,1709.103327,50.614,1,0xcaf00370,0,0,8,2035,10226,2,1,0,33,1,0,0,3,0,0,2,64,0
61888,2025-06-25 04:33:18.824118,69.203,8,1709.172529,69.202,1,0xcaf00370,0,0,8,2046,10237,3,0,0,6,1,0,30,3,2,0,2,0,2
62361,2025-06-25 04:33:18.873906,49.788,8,1709.222196,49.667,1,0xcaf00370,0,0,8,2046,10237,0,0,0,34,1,0,0,4,0,0,2,73,0
62915,2025-06-25 04:33:18.924315,50.409,8,1709.272605,50.409,1,0xcaf00370,0,0,8,2046,10237,1,1,0,35,1,0,0,3,0,1,2,193,1
63413,2025-06-25 04:33:18.973894,49.579,8,1709.322184,49.579,1,0xcaf00370,0,0,8,2094,10285,2,0,0,6,1,0,27,3,2,0,2,0,2
63953,2025-06-25 04:33:19.025001,51.107,8,1709.373291,51.107,1,0xcaf00370,0,0,8,2094,10285,3,1,0,36,1,0,3,6,0,1,13,66,1
64446,2025-06-25 04:33:19.073721,48.72,8,1709.422011,48.72,1,0xcaf00370,0,0,8,2140,10331,0,0,0,6,1,0,27,3,2,0,2,253,2
65016,2025-06-25 04:33:19.125094,51.373000000000005,8,1709.473384,51.373,1,0xcaf00370,0,0,8,2140,10331,1,1,0,37,1,0,3,6,0,1,13,64,1
65463,2025-06-25 04:33:19.173743,48.649,8,1709.522032,48.648,1,0xcaf00370,0,0,8,2147,10338,2,1,0,6,1,0,30,3,2,0,2,0,3
66214,2025-06-25 04:33:19.245134,71.39099999999999,8,1709.593424,71.392,1,0xcaf00370,0,0,8,2192,10383,3,0,0,6,1,0,22,3,2,0,2,1,2
66674,2025-06-25 04:33:19.293751,48.617,8,1709.642041,48.617,1,0xcaf00370,0,0,8,2192,10383,0,1,0,38,1,0,8,3,0,0,3,192,1
67430,2025-06-25 04:33:19.364267,70.51599999999999,8,1709.712557,70.516,1,0xcaf00370,0,0,8,2203,10394,1,0,0,6,1,0,27,3,2,0,2,0,2
67927,2025-06-25 04:33:19.413768,49.501000000000005,8,1709.762058,49.501,1,0xcaf00370,0,0,8,2203,10394,2,1,0,39,1,0,3,6,0,1,13,64,1
68657,2025-06-25 04:33:19.484267,70.49900000000001,8,1709.832556,70.498,1,0xcaf00370,0,0,8,2217,10408,3,0,0,6,1,0,27,3,2,0,2,0,2
69127,2025-06-25 04:33:19.533940,49.673,8,1709.88223,49.674,1,0xcaf00370,0,0,8,2217,10408,0,1,0,40,1,0,3,6,0,1,13,50,1
69892,2025-06-25 04:33:19.605134,71.19399999999999,8,1709.953424,71.194,1,0xcaf00370,0,0,8,2252,10443,1,0,0,6,1,0,27,3,2,0,2,0,2
70328,2025-06-25 04:33:19.653954,48.82,8,1710.002244,48.82,1,0xcaf00370,0,0,8,2252,10443,2,1,0,41,1,0,3,6,0,1,13,67,1
71070,2025-06-25 04:33:19.725044,71.09,8,1710.073334,71.09,1,0xcaf00370,0,0,8,2279,10470,3,0,0,6,1,0,27,3,2,0,2,0,2
71544,2025-06-25 04:33:19.773763,48.719,8,1710.122053,48.719,1,0xcaf00370,0,0,8,2279,10470,0,1,0,42,1,0,3,6,0,1,13,66,1
72487,2025-06-25 04:33:19.863709,89.946,8,1710.21209,90.037,1,0xcaf00370,0,0,8,2294,10485,1,0,0,6,1,0,27,3,2,0,2,253,2
73060,2025-06-25 04:33:19.918697,54.988,8,1710.267078,54.988,1,0xcaf00370,0,0,8,2294,10485,2,1,0,43,1,0,3,6,0,1,13,64,1
73546,2025-06-25 04:33:19.964396,45.699,8,1710.312778,45.7,1,0xcaf00370,0,0,8,2311,10502,3,0,0,6,1,0,27,3,2,0,2,1,3
74044,2025-06-25 04:33:20.013821,49.425,8,1710.362202,49.424,1,0xcaf00370,0,0,8,2311,10502,0,1,0,44,1,0,3,6,0,1,13,68,1
74777,2025-06-25 04:33:20.084337,70.51599999999999,8,1710.432718,70.516,1,0xcaf00370,0,0,8,2367,10558,1,0,0,6,1,0,24,3,2,0,2,0,2
75265,2025-06-25 04:33:20.133849,49.512,8,1710.48223,49.512,1,0xcaf00370,0,0,8,2367,10558,2,1,0,45,1,0,6,5,0,0,3,191,1
76007,2025-06-25 04:33:20.204274,70.425,8,1710.552655,70.425,1,0xcaf00370,0,0,8,2446,10637,3,0,0,6,1,0,30,3,2,0,2,253,2
76461,2025-06-25 04:33:20.253705,49.431000000000004,8,1710.602086,49.431,1,0xcaf00370,0,0,8,2446,10637,0,0,0,46,1,0,31,7,0,0,3,254,15
77241,2025-06-25 04:33:20.326819,73.114,8,1710.6752,73.114,1,0xcaf00370,0,0,8,2446,10637,1,1,0,47,1,0,0,5,0,0,3,191,1
77671,2025-06-25 04:33:20.373688,46.869,8,1710.722069,46.869,1,0xcaf00370,0,0,8,2479,10670,2,0,0,6,1,0,27,3,2,0,2,1,2
78422,2025-06-25 04:33:20.444590,70.902,8,1710.792971,70.902,1,0xcaf00370,0,0,8,2479,10670,3,1,0,48,1,0,3,6,0,0,3,64,1
78878,2025-06-25 04:33:20.493738,49.147999999999996,8,1710.842119,49.148,1,0xcaf00370,0,0,8,2545,10736,0,0,0,6,1,0,27,3,2,0,2,1,2
79634,2025-06-25 04:33:20.563778,70.04,8,1710.912159,70.04,1,0xcaf00370,0,0,8,2545,10736,1,1,0,49,1,0,3,5,0,0,3,65,1
80137,2025-06-25 04:33:20.613718,49.94,8,1710.962099,49.94,1,0xcaf00370,0,0,8,2603,10794,2,0,0,6,1,0,27,3,2,0,2,0,2
81062,2025-06-25 04:33:20.703920,90.202,8,1711.052301,90.202,1,0xcaf00370,0,0,8,2603,10794,3,1,0,50,1,0,3,5,0,0,3,63,1
81563,2025-06-25 04:33:20.753693,49.772999999999996,8,1711.102074,49.773,1,0xcaf00370,0,0,8,2621,10812,0,1,0,6,1,0,30,3,2,0,2,0,3
82127,2025-06-25 04:33:20.805405,51.712,8,1711.153786,51.712,1,0xcaf00370,0,0,8,2657,10848,1,0,0,6,1,0,22,3,2,0,2,1,2
82586,2025-06-25 04:33:20.853960,48.555,8,1711.202371,48.585,1,0xcaf00370,0,0,8,2657,10848,2,1,0,51,1,0,8,3,0,0,3,193,1
83131,2025-06-25 04:33:20.904117,50.157000000000004,8,1711.252528,50.157,1,0xcaf00370,0,0,8,2809,11000,3,1,0,6,1,0,30,3,2,0,2,0,3
83625,2025-06-25 04:33:20.954508,50.391,8,1711.302919,50.391,1,0xcaf00370,0,0,14,264,264,0,0,0,6,1,0,0,3,0,0,3,133,1
84352,2025-06-25 04:33:21.024004,69.49600000000001,8,1711.372415,69.496,1,0xcaf00370,0,0,14,264,264,1,1,0,53,1,0,0,3,0,0,3,2,0
84853,2025-06-25 04:33:21.073725,49.721000000000004,8,1711.422136,49.721,1,0xcaf00370,0,0,8,2852,11043,2,0,0,6,1,0,24,3,2,0,2,0,2
85593,2025-06-25 04:33:21.144024,70.299,8,1711.492435,70.299,1,0xcaf00370,0,0,8,2852,11043,3,1,0,52,1,0,6,5,0,0,3,191,1
86090,2025-06-25 04:33:21.193742,49.717999999999996,8,1711.542153,49.718,1,0xcaf00370,0,0,8,2862,11053,0,0,0,6,1,0,27,3,2,0,2,0,2
86635,2025-06-25 04:33:21.244429,50.687000000000005,8,1711.59284,50.687,1,0xcaf00370,0,0,8,2862,11053,1,1,0,54,1,0,3,6,0,1,13,62,1
87147,2025-06-25 04:33:21.294321,49.891999999999996,8,1711.642732,49.892,1,0xcaf00370,0,0,8,2914,11105,2,0,0,6,1,0,27,3,2,0,2,0,2
88077,2025-06-25 04:33:21.383738,89.417,8,1711.732149,89.417,1,0xcaf00370,0,0,8,2914,11105,3,1,0,55,1,0,3,6,0,1,13,61,1
88611,2025-06-25 04:33:21.433710,49.972,8,1711.782121,49.972,1,0xcaf00370,0,0,8,2938,11129,0,1,0,6,1,0,30,3,2,0,2,0,3
89085,2025-06-25 04:33:21.484024,50.314,8,1711.832435,50.314,1,0xcaf00370,0,0,8,2975,11166,1,1,0,6,1,0,30,3,2,0,2,1,4
89617,2025-06-25 04:33:21.533446,49.422000000000004,8,1711.881857,49.422,1,0xcaf00370,0,0,8,2990,11181,2,0,0,6,1,0,27,3,2,0,2,0,4
90532,2025-06-25 04:33:21.624475,91.029,8,1711.972886,91.029,1,0xcaf00370,0,0,8,2990,11181,3,1,0,56,1,0,3,6,0,1,13,64,1
91063,2025-06-25 04:33:21.673856,49.381,8,1712.022267,49.381,1,0xcaf00370,0,0,8,3003,11194,0,0,0,6,1,0,27,3,2,0,2,253,4
91557,2025-06-25 04:33:21.725052,51.196,8,1712.073463,51.196,1,0xcaf00370,0,0,8,3003,11194,1,1,0,57,1,0,3,6,0,1,13,60,1
92078,2025-06-25 04:33:21.773726,48.674,8,1712.122137,48.674,1,0xcaf00370,0,0,8,3056,11247,2,0,0,6,1,0,24,3,2,0,2,253,2
92805,2025-06-25 04:33:21.844050,70.324,8,1712.192461,70.324,1,0xcaf00370,0,0,8,3056,11247,3,0,0,58,1,0,6,4,0,0,3,193,1
93326,2025-06-25 04:33:21.893698,49.647999999999996,8,1712.242142,49.681,1,0xcaf00370,0,0,8,3056,11247,0,1,0,59,1,0,31,7,0,0,3,254,15
94028,2025-06-25 04:33:21.965049,71.351,8,1712.313493,71.351,1,0xcaf00370,0,0,8,3108,11299,1,0,0,6,1,0,27,3,2,0,2,251,2
94579,2025-06-25 04:33:22.013688,48.639,8,1712.362132,48.639,1,0xcaf00370,0,0,8,3108,11299,2,1,0,60,1,0,3,6,0,1,13,63,1
95126,2025-06-25 04:33:22.065728,52.040000000000006,8,1712.414173,52.041,1,0xcaf00370,0,0,8,3135,11326,3,1,0,6,1,0,30,3,2,0,2,253,3
95586,2025-06-25 04:33:22.113468,47.739999999999995,8,1712.461912,47.739,1,0xcaf00370,0,0,8,3165,11356,0,0,0,6,1,0,22,3,2,0,2,1,2
96270,2025-06-25 04:33:22.183790,70.322,8,1712.532234,70.322,1,0xcaf00370,0,0,8,3165,11356,1,0,0,61,1,0,6,5,0,0,3,192,1
96771,2025-06-25 04:33:22.233443,49.653000000000006,8,1712.581886,49.652,1,0xcaf00370,0,0,8,3165,11356,2,1,0,62,1,0,2,5,0,0,3,65,1
97528,2025-06-25 04:33:22.304153,70.71,8,1712.652597,70.711,1,0xcaf00370,0,0,8,3242,11433,3,1,0,6,1,0,30,3,2,0,2,0,3
98011,2025-06-25 04:33:22.353737,49.584,8,1712.702181,49.584,1,0xcaf00370,0,0,8,3277,11468,0,0,0,6,1,0,24,3,2,0,2,0,2
98927,2025-06-25 04:33:22.444406,90.669,8,1712.79285,90.669,1,0xcaf00370,0,0,8,3277,11468,1,1,0,63,1,0,6,6,0,0,3,190,1
99961,2025-06-25 04:33:22.544687,100.28099999999999,8,1712.893131,100.281,1,0xcaf00370,0,0,8,3289,11480,2,0,0,6,0,0,27,3,2,0,2,0,2
100460,2025-06-25 04:33:22.593738,49.050999999999995,8,1712.942182,49.051,1,0xcaf00370,0,0,8,3289,11480,3,0,0,6,1,0,27,3,2,0,2,0,2
101356,2025-06-25 04:33:22.683801,90.063,8,1713.032245,90.063,1,0xcaf00370,0,0,8,3289,11480,0,1,0,9,0,0,3,6,0,0,3,64,1
101874,2025-06-25 04:33:22.733741,49.94,8,1713.082185,49.94,1,0xcaf00370,0,0,8,3289,11480,1,1,0,9,1,0,3,6,0,0,3,64,1
102597,2025-06-25 04:33:22.804188,70.447,8,1713.152632,70.447,1,0xcaf00370,0,0,8,3385,11576,2,0,0,6,0,0,27,3,2,0,2,0,2
103118,2025-06-25 04:33:22.853703,49.515,8,1713.202255,49.623,1,0xcaf00370,0,0,8,3385,11576,3,0,0,6,1,0,27,3,2,0,2,0,2
103634,2025-06-25 04:33:22.903949,50.246,8,1713.252501,50.246,1,0xcaf00370,0,0,8,3385,11576,0,1,0,10,0,0,3,5,0,0,3,62,1
104131,2025-06-25 04:33:22.954161,50.211999999999996,8,1713.302713,50.212,1,0xcaf00370,0,0,8,3385,11576,1,1,0,10,1,0,3,5,0,0,3,62,1
104702,2025-06-25 04:33:23.004426,50.265,8,1713.352978,50.265,1,0xcaf00370,0,0,8,3405,11596,2,1,0,6,0,0,30,3,2,0,2,253,3
105231,2025-06-25 04:33:23.053651,49.225,8,1713.402203,49.225,1,0xcaf00370,0,0,8,3405,11596,3,1,0,6,1,0,30,3,2,0,2,253,3
105950,2025-06-25 04:33:23.123963,70.312,8,1713.472515,70.312,1,0xcaf00370,0,0,8,3437,11628,0,0,0,6,0,0,23,3,2,0,2,1,2
106437,2025-06-25 04:33:23.173701,49.738,8,1713.522253,49.738,1,0xcaf00370,0,0,8,3437,11628,1,0,0,6,1,0,23,3,2,0,2,1,2
107158,2025-06-25 04:33:23.244199,70.498,8,1713.592751,70.498,1,0xcaf00370,0,0,8,3437,11628,2,0,0,11,0,0,6,5,0,0,3,191,1
107653,2025-06-25 04:33:23.293460,49.260999999999996,8,1713.642012,49.261,1,0xcaf00370,0,0,8,3437,11628,3,0,0,11,1,0,6,5,0,0,3,191,1
108402,2025-06-25 04:33:23.365110,71.65,8,1713.713662,71.65,1,0xcaf00370,0,0,8,3437,11628,0,1,0,12,0,0,1,6,0,0,3,55,1
108917,2025-06-25 04:33:23.414131,49.021,8,1713.762683,49.021,1,0xcaf00370,0,0,8,3437,11628,1,1,0,12,1,0,1,6,0,0,3,55,1
109399,2025-06-25 04:33:23.463955,49.824,8,1713.812507,49.824,1,0xcaf00370,0,0,8,4244,4244,2,0,0,6,1,0,30,2,2,1,1,251,5
109911,2025-06-25 04:33:23.513659,49.704,8,1713.862211,49.704,1,0xcaf00370,0,0,8,4244,4244,3,1,0,14,1,0,0,3,0,0,10,120,0
110457,2025-06-25 04:33:23.564081,50.422000000000004,8,1713.912633,50.422,1,0xcaf00370,0,0,8,4461,4461,0,1,0,6,1,0,30,2,2,1,1,252,4
110945,2025-06-25 04:33:23.613677,49.596000000000004,8,1713.962229,49.596,1,0xcaf00370,0,0,8,4712,4712,1,1,0,6,1,0,30,2,2,1,1,0,4
111650,2025-06-25 04:33:23.683987,70.31,8,1714.032539,70.31,1,0xcaf00370,0,0,8,5015,5015,2,1,0,6,1,0,30,2,2,1,1,0,4
112152,2025-06-25 04:33:23.733663,49.675999999999995,8,1714.082215,49.676,1,0xcaf00370,0,0,8,5346,5346,3,1,0,6,1,0,30,2,2,1,1,0,5
113090,2025-06-25 04:33:23.823797,90.134,8,1714.172349,90.134,1,0xcaf00370,0,0,8,5356,5356,0,0,0,6,1,0,26,2,2,1,1,0,4
113605,2025-06-25 04:33:23.873487,49.69,8,1714.222266,49.917,1,0xcaf00370,0,0,8,5356,5356,1,1,0,15,1,0,4,3,0,1,10,6,1
114334,2025-06-25 04:33:23.943766,70.279,8,1714.292545,70.279,1,0xcaf00370,0,0,8,6828,6828,2,0,0,6,1,0,30,2,2,1,1,1,5
114846,2025-06-25 04:33:23.993683,49.917,8,1714.342462,49.917,1,0xcaf00370,0,0,8,6828,6828,3,1,0,16,1,0,0,3,0,0,10,120,0
115417,2025-06-25 04:33:24.043790,50.107,8,1714.392569,50.107,1,0xcaf00370,0,0,8,6944,6944,0,1,0,6,1,0,30,2,2,1,1,0,4
115889,2025-06-25 04:33:24.093687,49.897,8,1714.442466,49.897,1,0xcaf00370,0,0,8,7111,7111,1,0,0,6,1,0,30,2,2,1,1,0,5
116403,2025-06-25 04:33:24.143786,50.099,8,1714.492565,50.099,1,0xcaf00370,0,0,8,7111,7111,2,1,0,17,1,0,0,3,0,0,10,119,0
116905,2025-06-25 04:33:24.193485,49.699,8,1714.542264,49.699,1,0xcaf00370,0,0,8,7243,7243,3,1,0,6,1,0,30,2,2,1,1,253,4
117605,2025-06-25 04:33:24.263927,70.44200000000001,8,1714.612707,70.443,1,0xcaf00370,0,0,8,600,8791,0,0,0,6,1,0,26,2,2,1,1,0,3
118122,2025-06-25 04:33:24.313485,49.558,8,1714.662265,49.558,1,0xcaf00370,0,0,8,600,8791,1,1,0,22,1,0,4,2,0,1,9,8,2
119065,2025-06-25 04:33:24.403548,90.063,8,1714.752327,90.062,1,0xcaf00370,0,0,8,840,9031,2,0,0,6,1,0,26,3,2,1,1,0,1
119545,2025-06-25 04:33:24.453480,49.931999999999995,8,1714.802259,49.932,1,0xcaf00370,0,0,8,840,9031,3,1,0,23,1,0,4,2,0,1,9,248,2
120462,2025-06-25 04:33:24.543568,90.08800000000001,8,1714.892347,90.088,1,0xcaf00370,0,0,8,1100,9291,0,1,0,6,1,0,30,3,2,1,1,3,1
120980,2025-06-25 04:33:24.594148,50.58,8,1714.942927,50.58,1,0xcaf00370,0,0,8,1180,9371,1,1,0,6,1,0,30,3,2,1,1,253,1
121608,2025-06-25 04:33:24.651235,57.086999999999996,8,1715.000014,57.087,1,0xcaf00370,0,0,8,1367,9558,2,1,0,6,1,0,30,3,2,1,1,253,1
122012,2025-06-25 04:33:24.694117,42.882000000000005,8,1715.042896,42.882,1,0xcaf00370,0,0,8,1407,9598,3,1,0,6,1,0,30,3,2,1,1,253,1
122557,2025-06-25 04:33:24.744019,49.902,8,1715.092798,49.902,1,0xcaf00370,0,0,8,1422,9613,0,0,0,6,1,0,30,3,2,1,1,253,2
122998,2025-06-25 04:33:24.793490,49.471000000000004,8,1715.142269,49.471,1,0xcaf00370,0,0,8,1422,9613,1,1,0,28,1,0,0,3,0,0,9,119,0
123741,2025-06-25 04:33:24.864066,70.576,8,1715.212589,70.32,1,0xcaf00370,0,0,8,1630,9821,2,0,0,6,1,0,30,3,2,1,9,0,3
124248,2025-06-25 04:33:24.913808,49.742000000000004,8,1715.262331,49.742,1,0xcaf00370,0,0,8,1630,9821,3,1,0,29,1,0,0,3,0,0,9,114,0
124960,2025-06-25 04:33:24.984083,70.275,8,1715.332606,70.275,1,0xcaf00370,0,0,8,1749,9940,0,1,0,6,1,0,30,3,2,1,9,1,2
125476,2025-06-25 04:33:25.033925,49.842,8,1715.382448,49.842,1,0xcaf00370,0,0,8,1828,10019,1,1,0,6,1,0,30,3,2,1,9,0,3
126436,2025-06-25 04:33:25.124536,90.61099999999999,8,1715.473059,90.611,1,0xcaf00370,0,0,8,2022,10213,2,0,0,6,1,0,16,3,2,1,2,1,1
126898,2025-06-25 04:33:25.173795,49.259,8,1715.522318,49.259,1,0xcaf00370,0,0,8,2022,10213,3,0,0,30,1,0,14,3,0,1,2,64,2
127425,2025-06-25 04:33:25.224060,50.265,8,1715.572583,50.265,1,0xcaf00370,0,0,8,2022,10213,0,1,0,31,1,0,0,3,0,0,2,191,0
127903,2025-06-25 04:33:25.273931,49.870999999999995,8,1715.622454,49.871,1,0xcaf00370,0,0,8,2035,10226,1,0,0,6,1,0,21,3,2,0,2,191,1
128429,2025-06-25 04:33:25.324093,50.162,8,1715.672616,50.162,1,0xcaf00370,0,0,8,2035,10226,2,0,0,32,1,0,9,4,0,0,2,243,1
128963,2025-06-25 04:33:25.373779,49.686,8,1715.722302,49.686,1,0xcaf00370,0,0,8,2035,10226,3,1,0,33,1,0,0,3,0,0,2,64,0
129895,2025-06-25 04:33:25.464097,90.318,8,1715.812621,90.319,1,0xcaf00370,0,0,8,2046,10237,0,0,0,6,1,0,30,3,2,0,2,0,2
130400,2025-06-25 04:33:25.514283,50.186,8,1715.862807,50.186,1,0xcaf00370,0,0,8,2046,10237,1,0,0,34,1,0,0,4,0,0,2,73,0
131077,2025-06-25 04:33:25.584205,69.922,8,1715.932728,69.921,1,0xcaf00370,0,0,8,2046,10237,2,1,0,35,1,0,0,3,0,1,2,193,1
131577,2025-06-25 04:33:25.633906,49.701,8,1715.98243,49.702,1,0xcaf00370,0,0,8,2094,10285,3,0,0,6,1,0,27,3,2,0,2,0,2
132480,2025-06-25 04:33:25.724098,90.192,8,1716.072621,90.191,1,0xcaf00370,0,0,8,2094,10285,0,1,0,36,1,0,3,6,0,1,13,66,1
132994,2025-06-25 04:33:25.773997,49.899,8,1716.12252,49.899,1,0xcaf00370,0,0,8,2140,10331,1,0,0,6,1,0,27,3,2,0,2,253,2
133539,2025-06-25 04:33:25.824207,50.21,8,1716.17273,50.21,1,0xcaf00370,0,0,8,2140,10331,2,1,0,37,1,0,3,6,0,1,13,64,1
134042,2025-06-25 04:33:25.874199,49.992000000000004,8,1716.222794,50.064,1,0xcaf00370,0,0,8,2147,10338,3,1,0,6,1,0,30,3,2,0,2,0,3
134964,2025-06-25 04:33:25.964171,89.972,8,1716.312765,89.971,1,0xcaf00370,0,0,8,2192,10383,0,0,0,6,1,0,22,3,2,0,2,1,2
135494,2025-06-25 04:33:26.013746,49.575,8,1716.362341,49.576,1,0xcaf00370,0,0,8,2192,10383,1,1,0,38,1,0,8,3,0,0,3,192,1
136217,2025-06-25 04:33:26.084174,70.42800000000001,8,1716.432768,70.427,1,0xcaf00370,0,0,8,2203,10394,2,0,0,6,1,0,27,3,2,0,2,0,2
136718,2025-06-25 04:33:26.133863,49.689,8,1716.482458,49.69,1,0xcaf00370,0,0,8,2203,10394,3,1,0,39,1,0,3,6,0,1,13,64,1
137421,2025-06-25 04:33:26.203871,70.008,8,1716.552466,70.008,1,0xcaf00370,0,0,8,2217,10408,0,0,0,6,1,0,27,3,2,0,2,0,2
137966,2025-06-25 04:33:26.253882,50.011,8,1716.602477,50.011,1,0xcaf00370,0,0,8,2217,10408,1,1,0,40,1,0,3,6,0,1,13,50,1
138497,2025-06-25 04:33:26.304085,50.202999999999996,8,1716.65268,50.203,1,0xcaf00370,0,0,8,2252,10443,2,0,0,6,1,0,27,3,2,0,2,0,2
138984,2025-06-25 04:33:26.353753,49.668,8,1716.702348,49.668,1,0xcaf00370,0,0,8,2252,10443,3,1,0,41,1,0,3,6,0,1,13,67,1
139734,2025-06-25 04:33:26.425660,71.907,8,1716.774255,71.907,1,0xcaf00370,0,0,8,2279,10470,0,0,0,6,1,0,27,3,2,0,2,0,2
140189,2025-06-25 04:33:26.473753,48.092999999999996,8,1716.822347,48.092,1,0xcaf00370,0,0,8,2279,10470,1,1,0,42,1,0,3,6,0,1,13,66,1
140945,2025-06-25 04:33:26.544092,70.339,8,1716.892686,70.339,1,0xcaf00370,0,0,8,2294,10485,2,0,0,6,1,0,27,3,2,0,2,253,2
141424,2025-06-25 04:33:26.593770,49.678,8,1716.942365,49.679,1,0xcaf00370,0,0,8,2294,10485,3,1,0,43,1,0,3,6,0,1,13,64,1
142167,2025-06-25 04:33:26.664093,70.323,8,1717.012688,70.323,1,0xcaf00370,0,0,8,2311,10502,0,0,0,6,1,0,27,3,2,0,2,1,3
142670,2025-06-25 04:33:26.713835,49.742000000000004,8,1717.062429,49.741,1,0xcaf00370,0,0,8,2311,10502,1,1,0,44,1,0,3,6,0,1,13,68,1
143586,2025-06-25 04:33:26.803820,89.985,8,1717.152414,89.985,1,0xcaf00370,0,0,8,2367,10558,2,0,0,6,1,0,24,3,2,0,2,0,2
144093,2025-06-25 04:33:26.853126,49.306000000000004,8,1717.202812,50.398,1,0xcaf00370,0,0,8,2367,10558,3,1,0,45,1,0,6,5,0,0,3,191,1
144597,2025-06-25 04:33:26.903014,49.888000000000005,8,1717.2527,49.888,1,0xcaf00370,0,0,8,2446,10637,0,0,0,6,1,0,30,3,2,0,2,253,2
145116,2025-06-25 04:33:26.952699,49.685,8,1717.302385,49.685,1,0xcaf00370,0,0,8,2446,10637,1,0,0,46,1,0,31,7,0,0,3,254,15
145635,2025-06-25 04:33:27.003001,50.302,8,1717.352687,50.302,1,0xcaf00370,0,0,8,2446,10637,2,1,0,47,1,0,0,5,0,0,3,191,1
146148,2025-06-25 04:33:27.052737,49.736000000000004,8,1717.402423,49.736,1,0xcaf00370,0,0,8,2479,10670,3,0,0,6,1,0,27,3,2,0,2,1,2
147089,2025-06-25 04:33:27.142745,90.00800000000001,8,1717.49243,90.007,1,0xcaf00370,0,0,8,2479,10670,0,1,0,48,1,0,3,6,0,0,3,64,1
147550,2025-06-25 04:33:27.192713,49.967999999999996,8,1717.542399,49.969,1,0xcaf00370,0,0,8,2545,10736,1,0,0,6,1,0,27,3,2,0,2,1,2
148085,2025-06-25 04:33:27.243510,50.797000000000004,8,1717.593196,50.797,1,0xcaf00370,0,0,8,2545,10736,2,1,0,49,1,0,3,5,0,0,3,65,1
148591,2025-06-25 04:33:27.292780,49.27,8,1717.642466,49.27,1,0xcaf00370,0,0,8,2603,10794,3,0,0,6,1,0,27,3,2,0,2,0,2
149325,2025-06-25 04:33:27.363001,70.221,8,1717.712687,70.221,1,0xcaf00370,0,0,8,2603,10794,0,1,0,50,1,0,3,5,0,0,3,63,1
149838,2025-06-25 04:33:27.412706,49.705,8,1717.762392,49.705,1,0xcaf00370,0,0,8,2621,10812,1,1,0,6,1,0,30,3,2,0,2,0,3
150339,2025-06-25 04:33:27.463002,50.296,8,1717.812688,50.296,1,0xcaf00370,0,0,8,2657,10848,2,0,0,6,1,0,22,3,2,0,2,1,2
150824,2025-06-25 04:33:27.512710,49.708000000000006,8,1717.862396,49.708,1,0xcaf00370,0,0,8,2657,10848,3,1,0,51,1,0,8,3,0,0,3,193,1
151556,2025-06-25 04:33:27.583031,70.321,8,1717.932717,70.321,1,0xcaf00370,0,0,8,2809,11000,0,1,0,6,1,0,30,3,2,0,2,0,3
152044,2025-06-25 04:33:27.632721,49.69,8,1717.982407,49.69,1,0xcaf00370,0,0,8,2852,11043,1,0,0,6,1,0,24,3,2,0,2,0,2
152806,2025-06-25 04:33:27.703514,70.79299999999999,8,1718.0532,70.793,1,0xcaf00370,0,0,8,2852,11043,2,1,0,52,1,0,6,5,0,0,3,191,1
153298,2025-06-25 04:33:27.753136,49.622,8,1718.102821,49.621,1,0xcaf00370,0,0,8,2862,11053,3,0,0,6,1,0,27,3,2,0,2,0,2
154057,2025-06-25 04:33:27.823446,70.31,8,1718.173132,70.311,1,0xcaf00370,0,0,8,2862,11053,0,1,0,54,1,0,3,6,0,1,13,62,1
154547,2025-06-25 04:33:27.873839,50.393,8,1718.222591,49.459,1,0xcaf00370,0,0,8,2914,11105,1,0,0,6,1,0,27,3,2,0,2,0,2
155484,2025-06-25 04:33:27.963700,89.86099999999999,8,1718.312452,89.861,1,0xcaf00370,0,0,8,2914,11105,2,1,0,55,1,0,3,6,0,1,13,61,1
156014,2025-06-25 04:33:28.013716,50.016,8,1718.362467,50.015,1,0xcaf00370,0,0,8,2938,11129,3,1,0,6,1,0,30,3,2,0,2,0,3
156572,2025-06-25 04:33:28.064202,50.486000000000004,8,1718.412953,50.486,1,0xcaf00370,0,0,8,2975,11166,0,1,0,6,1,0,30,3,2,0,2,1,4
157066,2025-06-25 04:33:28.114124,49.922000000000004,8,1718.462876,49.923,1,0xcaf00370,0,0,8,2990,11181,1,0,0,6,1,0,27,3,2,0,2,0,4
157603,2025-06-25 04:33:28.164194,50.07,8,1718.512946,50.07,1,0xcaf00370,0,0,8,2990,11181,2,1,0,56,1,0,3,6,0,1,13,64,1
158149,2025-06-25 04:33:28.213687,49.493,8,1718.562439,49.493,1,0xcaf00370,0,0,8,3003,11194,3,0,0,6,1,0,27,3,2,0,2,253,4
158884,2025-06-25 04:33:28.284001,70.31400000000001,8,1718.632753,70.314,1,0xcaf00370,0,0,8,3003,11194,0,1,0,57,1,0,3,6,0,1,13,60,1
159382,2025-06-25 04:33:28.333724,49.723000000000006,8,1718.682475,49.722,1,0xcaf00370,0,0,8,3056,11247,1,0,0,6,1,0,24,3,2,0,2,253,2
159892,2025-06-25 04:33:28.384110,50.386,8,1718.732862,50.387,1,0xcaf00370,0,0,8,3056,11247,2,0,0,58,1,0,6,4,0,0,3,193,1
160412,2025-06-25 04:33:28.433704,49.594,8,1718.782456,49.594,1,0xcaf00370,0,0,8,3056,11247,3,1,0,59,1,0,31,7,0,0,3,254,15
161139,2025-06-25 04:33:28.504013,70.309,8,1718.852764,70.308,1,0xcaf00370,0,0,8,3108,11299,0,0,0,6,1,0,27,3,2,0,2,251,2
161650,2025-06-25 04:33:28.554139,50.126,8,1718.902891,50.127,1,0xcaf00370,0,0,8,3108,11299,1,1,0,60,1,0,3,6,0,1,13,63,1
162206,2025-06-25 04:33:28.604132,49.993,8,1718.952884,49.993,1,0xcaf00370,0,0,8,3135,11326,2,1,0,6,1,0,30,3,2,0,2,253,3
162655,2025-06-25 04:33:28.653714,49.582,8,1719.002466,49.582,1,0xcaf00370,0,0,8,3165,11356,3,0,0,6,1,0,22,3,2,0,2,1,2
163403,2025-06-25 04:33:28.724413,70.699,8,1719.073165,70.699,1,0xcaf00370,0,0,8,3165,11356,0,0,0,61,1,0,6,5,0,0,3,192,1
163867,2025-06-25 04:33:28.773720,49.306999999999995,8,1719.122472,49.307,1,0xcaf00370,0,0,8,3165,11356,1,1,0,62,1,0,2,5,0,0,3,65,1
164632,2025-06-25 04:33:28.844784,71.06400000000001,8,1719.193536,71.064,1,0xcaf00370,0,0,8,3242,11433,2,1,0,6,1,0,30,3,2,0,2,0,3
165109,2025-06-25 04:33:28.893469,48.685,8,1719.24314,49.604,1,0xcaf00370,0,0,8,3277,11468,3,0,0,6,1,0,24,3,2,0,2,0,2
165855,2025-06-25 04:33:28.963574,70.105,8,1719.313244,70.104,1,0xcaf00370,0,0,8,3277,11468,0,1,0,63,1,0,6,6,0,0,3,190,1
166355,2025-06-25 04:33:29.012832,49.258,8,1719.362503,49.259,1,0xcaf00370,0,0,8,3289,11480,1,0,0,6,1,0,27,3,2,0,2,0,2
167294,2025-06-25 04:33:29.102857,90.02499999999999,8,1719.452527,90.024,1,0xcaf00370,0,0,8,3289,11480,2,1,0,9,1,0,3,6,0,0,3,64,1
167790,2025-06-25 04:33:29.152821,49.964,8,1719.502491,49.964,1,0xcaf00370,0,0,8,3385,11576,3,0,0,6,1,0,27,3,2,0,2,0,2
168323,2025-06-25 04:33:29.203145,50.324,8,1719.552815,50.324,1,0xcaf00370,0,0,8,3385,11576,0,1,0,10,1,0,3,5,0,0,3,62,1
168811,2025-06-25 04:33:29.252812,49.667,8,1719.602483,49.668,1,0xcaf00370,0,0,8,3405,11596,1,1,0,6,1,0,30,3,2,0,2,253,3
169533,2025-06-25 04:33:29.323745,70.93299999999999,8,1719.673415,70.932,1,0xcaf00370,0,0,8,3437,11628,2,0,0,6,1,0,23,3,2,0,2,1,2
170047,2025-06-25 04:33:29.373579,49.834,8,1719.72325,49.835,1,0xcaf00370,0,0,8,3437,11628,3,0,0,11,1,0,6,5,0,0,3,191,1
170576,2025-06-25 04:33:29.424469,50.89,8,1719.77414,50.89,1,0xcaf00370,0,0,8,3437,11628,0,1,0,12,1,0,1,6,0,0,3,55,1
171798,2025-06-25 04:33:29.544353,119.884,8,1719.894023,119.883,1,0xcaf00370,0,0,8,3517,11708,1,0,0,6,0,0,27,3,2,0,2,0,2
172275,2025-06-25 04:33:29.592876,48.522999999999996,8,1719.942547,48.524,1,0xcaf00370,0,0,8,3517,11708,2,0,0,6,1,0,27,3,2,0,2,0,2
172993,2025-06-25 04:33:29.663142,70.26599999999999,8,1720.012813,70.266,1,0xcaf00370,0,0,8,3517,11708,3,1,0,13,0,0,3,6,0,1,13,63,1
173505,2025-06-25 04:33:29.713348,50.206,8,1720.063018,50.205,1,0xcaf00370,0,0,8,3517,11708,0,1,0,13,1,0,3,6,0,1,13,63,1
174208,2025-06-25 04:33:29.783388,70.04,8,1720.133058,70.04,1,0xcaf00370,0,0,8,3557,11748,1,0,0,6,0,0,27,3,2,0,2,253,2
174736,2025-06-25 04:33:29.833296,49.908,8,1720.182967,49.909,1,0xcaf00370,0,0,8,3557,11748,2,0,0,6,1,0,27,3,2,0,2,253,2
175262,2025-06-25 04:33:29.884138,50.842,8,1720.232805,49.838,1,0xcaf00370,0,0,8,3557,11748,3,1,0,14,0,0,3,6,0,1,13,62,1
175793,2025-06-25 04:33:29.933861,49.723000000000006,8,1720.282527,49.722,1,0xcaf00370,0,0,8,3557,11748,0,1,0,14,1,0,3,6,0,1,13,62,1
176528,2025-06-25 04:33:30.004268,70.407,8,1720.352934,70.407,1,0xcaf00370,0,0,8,3591,11782,1,0,0,6,0,0,27,3,2,0,2,0,2
177052,2025-06-25 04:33:30.053898,49.63,8,1720.402564,49.63,1,0xcaf00370,0,0,8,3591,11782,2,0,0,6,1,0,27,3,2,0,2,0,2
177983,2025-06-25 04:33:30.146397,92.499,8,1720.495063,92.499,1,0xcaf00370,0,0,8,3591,11782,3,1,0,18,0,0,3,6,0,1,13,64,1
178459,2025-06-25 04:33:30.193898,47.501000000000005,8,1720.542565,47.502,1,0xcaf00370,0,0,8,3591,11782,0,1,0,18,1,0,3,6,0,1,13,64,1
178965,2025-06-25 04:33:30.245457,51.559,8,1720.594124,51.559,1,0xcaf00370,0,0,8,3607,11798,1,0,0,6,0,0,27,3,2,0,2,253,2
179468,2025-06-25 04:33:30.294018,48.561,8,1720.642684,48.56,1,0xcaf00370,0,0,8,3607,11798,2,0,0,6,1,0,27,3,2,0,2,253,2
180174,2025-06-25 04:33:30.364197,70.179,8,1720.712863,70.179,1,0xcaf00370,0,0,8,3607,11798,3,1,0,19,0,0,3,6,0,1,13,54,1
180688,2025-06-25 04:33:30.413952,49.755,8,1720.762619,49.756,1,0xcaf00370,0,0,8,3607,11798,0,1,0,19,1,0,3,6,0,1,13,54,1
181372,2025-06-25 04:33:30.484174,70.22200000000001,8,1720.832841,70.222,1,0xcaf00370,0,0,8,3624,11815,1,0,0,6,0,0,27,3,2,0,2,1,2
181884,2025-06-25 04:33:30.533881,49.707,8,1720.882548,49.707,1,0xcaf00370,0,0,8,3624,11815,2,0,0,6,1,0,27,3,2,0,2,1,2
182415,2025-06-25 04:33:30.584312,50.431,8,1720.932978,50.43,1,0xcaf00370,0,0,8,3624,11815,3,1,0,20,0,0,3,6,0,1,13,72,1
182895,2025-06-25 04:33:30.634635,50.323,8,1720.983301,50.323,1,0xcaf00370,0,0,8,3624,11815,0,1,0,20,1,0,3,6,0,1,13,72,1
183646,2025-06-25 04:33:30.704715,70.08,8,1721.053381,70.08,1,0xcaf00370,0,0,8,3630,11821,1,1,0,6,0,0,30,3,2,0,2,0,3
184124,2025-06-25 04:33:30.753907,49.192,8,1721.102574,49.193,1,0xcaf00370,0,0,8,3630,11821,2,1,0,6,1,0,30,3,2,0,2,0,3
184869,2025-06-25 04:33:30.825460,71.55300000000001,8,1721.174127,71.553,1,0xcaf00370,0,0,8,3667,11858,3,0,0,6,0,0,23,3,2,0,2,0,2
185353,2025-06-25 04:33:30.874221,48.760999999999996,8,1721.223014,48.887,1,0xcaf00370,0,0,8,3667,11858,0,0,0,6,1,0,23,3,2,0,2,0,2
186112,2025-06-25 04:33:30.944758,70.537,8,1721.293551,70.537,1,0xcaf00370,0,0,8,3667,11858,1,0,0,21,0,0,6,5,0,0,3,191,1
186599,2025-06-25 04:33:30.994012,49.254,8,1721.342805,49.254,1,0xcaf00370,0,0,8,3667,11858,2,0,0,21,1,0,6,5,0,0,3,191,1
187131,2025-06-25 04:33:31.045568,51.556,8,1721.394362,51.557,1,0xcaf00370,0,0,8,3667,11858,3,1,0,24,0,0,1,5,0,0,3,62,1
187658,2025-06-25 04:33:31.093811,48.243,8,1721.442604,48.242,1,0xcaf00370,0,0,8,3667,11858,0,1,0,24,1,0,1,5,0,0,3,62,1
188351,2025-06-25 04:33:31.164098,70.287,8,1721.512891,70.287,1,0xcaf00370,0,0,8,3714,11905,1,0,0,6,0,0,27,3,2,0,2,0,2
188920,2025-06-25 04:33:31.213902,49.804,8,1721.562695,49.804,1,0xcaf00370,0,0,8,3714,11905,2,0,0,6,1,0,27,3,2,0,2,0,2
189608,2025-06-25 04:33:31.283934,70.032,8,1721.632727,70.032,1,0xcaf00370,0,0,8,3714,11905,3,1,0,25,0,0,3,6,0,1,13,65,1
190116,2025-06-25 04:33:31.333704,49.77,8,1721.682497,49.77,1,0xcaf00370,0,0,8,3714,11905,0,1,0,25,1,0,3,6,0,1,13,65,1
190655,2025-06-25 04:33:31.383967,50.263000000000005,8,1721.73276,50.263,1,0xcaf00370,0,0,8,4461,4461,1,1,0,6,1,0,30,2,2,1,1,252,4
191153,2025-06-25 04:33:31.433528,49.561,8,1721.782321,49.561,1,0xcaf00370,0,0,8,4712,4712,2,1,0,6,1,0,30,2,2,1,1,0,4
192067,2025-06-25 04:33:31.524743,91.215,8,1721.873536,91.215,1,0xcaf00370,0,0,8,5015,5015,3,1,0,6,1,0,30,2,2,1,1,0,4
192594,2025-06-25 04:33:31.574382,49.639,8,1721.923175,49.639,1,0xcaf00370,0,0,8,5346,5346,0,1,0,6,1,0,30,2,2,1,1,0,5
193261,2025-06-25 04:33:31.644355,69.973,8,1721.993148,69.973,1,0xcaf00370,0,0,8,5356,5356,1,0,0,6,1,0,26,2,2,1,1,0,4
193790,2025-06-25 04:33:31.693898,49.543,8,1722.042691,49.543,1,0xcaf00370,0,0,8,5356,5356,2,1,0,15,1,0,4,3,0,1,10,6,1
194499,2025-06-25 04:33:31.764254,70.35600000000001,8,1722.113047,70.356,1,0xcaf00370,0,0,8,6828,6828,3,0,0,6,1,0,30,2,2,1,1,1,5
195029,2025-06-25 04:33:31.813818,49.564,8,1722.162611,49.564,1,0xcaf00370,0,0,8,6828,6828,0,1,0,16,1,0,0,3,0,0,10,120,0
195960,2025-06-25 04:33:31.904275,90.457,8,1722.253056,90.445,1,0xcaf00370,0,0,8,6944,6944,1,1,0,6,1,0,30,2,2,1,1,0,4
196443,2025-06-25 04:33:31.954114,49.839,8,1722.302895,49.839,1,0xcaf00370,0,0,8,7111,7111,2,0,0,6,1,0,30,2,2,1,1,0,5
197243,2025-06-25 04:33:32.024700,70.586,8,1722.373482,70.587,1,0xcaf00370,0,0,8,7111,7111,3,1,0,17,1,0,0,3,0,0,10,119,0
197713,2025-06-25 04:33:32.074307,49.607,8,1722.423089,49.607,1,0xcaf00370,0,0,8,7243,7243,0,1,0,6,1,0,30,2,2,1,1,253,4
198261,2025-06-25 04:33:32.124828,50.521,8,1722.473609,50.52,1,0xcaf00370,0,0,8,600,8791,1,0,0,6,1,0,26,2,2,1,1,0,3
198746,2025-06-25 04:33:32.174349,49.521,8,1722.523131,49.522,1,0xcaf00370,0,0,8,600,8791,2,1,0,22,1,0,4,2,0,1,9,8,2
199249,2025-06-25 04:33:32.225316,50.967,8,1722.574097,50.966,1,0xcaf00370,0,0,8,840,9031,3,0,0,6,1,0,26,3,2,1,1,0,1
199756,2025-06-25 04:33:32.274583,49.266999999999996,8,1722.623365,49.268,1,0xcaf00370,0,0,8,840,9031,0,1,0,23,1,0,4,2,0,1,9,248,2
200433,2025-06-25 04:33:32.344279,69.696,8,1722.693061,69.696,1,0xcaf00370,0,0,8,1100,9291,1,1,0,6,1,0,30,3,2,1,1,3,1
200966,2025-06-25 04:33:32.394376,50.097,8,1722.743157,50.096,1,0xcaf00370,0,0,8,1180,9371,2,1,0,6,1,0,30,3,2,1,1,253,1
201651,2025-06-25 04:33:32.464163,69.787,8,1722.812945,69.788,1,0xcaf00370,0,0,8,1367,9558,3,1,0,6,1,0,30,3,2,1,1,253,1
202168,2025-06-25 04:33:32.513602,49.439,8,1722.862383,49.438,1,0xcaf00370,0,0,8,1407,9598,0,1,0,6,1,0,30,3,2,1,1,253,1
202896,2025-06-25 04:33:32.584148,70.54599999999999,8,1722.93293,70.547,1,0xcaf00370,0,0,8,1422,9613,1,0,0,6,1,0,30,3,2,1,1,253,2
203418,2025-06-25 04:33:32.633860,49.711999999999996,8,1722.982642,49.712,1,0xcaf00370,0,0,8,1422,9613,2,1,0,28,1,0,0,3,0,0,9,119,0
203920,2025-06-25 04:33:32.684638,50.778,8,1723.033419,50.777,1,0xcaf00370,0,0,8,1630,9821,3,0,0,6,1,0,30,3,2,1,9,0,3
204423,2025-06-25 04:33:32.733855,49.217,8,1723.082637,49.218,1,0xcaf00370,0,0,8,1630,9821,0,1,0,29,1,0,0,3,0,0,9,114,0
205150,2025-06-25 04:33:32.804545,70.69,8,1723.153327,70.69,1,0xcaf00370,0,0,8,1749,9940,1,1,0,6,1,0,30,3,2,1,9,1,2
205657,2025-06-25 04:33:32.853741,49.196,8,1723.202658,49.331,1,0xcaf00370,0,0,8,1828,10019,2,1,0,6,1,0,30,3,2,1,9,0,3
206383,2025-06-25 04:33:32.924465,70.72399999999999,8,1723.273381,70.723,1,0xcaf00370,0,0,8,2022,10213,3,0,0,6,1,0,16,3,2,1,2,1,1
206894,2025-06-25 04:33:32.974106,49.641,8,1723.323023,49.642,1,0xcaf00370,0,0,8,2022,10213,0,0,0,30,1,0,14,3,0,1,2,64,2
207623,2025-06-25 04:33:33.044104,69.998,8,1723.39302,69.997,1,0xcaf00370,0,0,8,2022,10213,1,1,0,31,1,0,0,3,0,0,2,191,0
208192,2025-06-25 04:33:33.093774,49.67,8,1723.442691,49.671,1,0xcaf00370,0,0,8,2035,10226,2,0,0,6,1,0,21,3,2,0,2,191,1
208885,2025-06-25 04:33:33.164097,70.323,8,1723.513014,70.323,1,0xcaf00370,0,0,8,2035,10226,3,0,0,32,1,0,9,4,0,0,2,243,1
209415,2025-06-25 04:33:33.213820,49.723000000000006,8,1723.562737,49.723,1,0xcaf00370,0,0,8,2035,10226,0,1,0,33,1,0,0,3,0,0,2,64,0
209937,2025-06-25 04:33:33.264496,50.676,8,1723.613413,50.676,1,0xcaf00370,0,0,8,2046,10237,1,0,0,6,1,0,30,3,2,0,2,0,2
210415,2025-06-25 04:33:33.313795,49.299,8,1723.662711,49.298,1,0xcaf00370,0,0,8,2046,10237,2,0,0,34,1,0,0,4,0,0,2,73,0
211172,2025-06-25 04:33:33.384179,70.384,8,1723.733096,70.385,1,0xcaf00370,0,0,8,2046,10237,3,1,0,35,1,0,0,3,0,1,2,193,1
211644,2025-06-25 04:33:33.433768,49.589,8,1723.782685,49.589,1,0xcaf00370,0,0,8,2094,10285,0,0,0,6,1,0,27,3,2,0,2,0,2
212179,2025-06-25 04:33:33.484236,50.467999999999996,8,1723.833153,50.468,1,0xcaf00370,0,0,8,2094,10285,1,1,0,36,1,0,3,6,0,1,13,66,1
212683,2025-06-25 04:33:33.533773,49.537,8,1723.88269,49.537,1,0xcaf00370,0,0,8,2140,10331,2,0,0,6,1,0,27,3,2,0,2,253,2
213415,2025-06-25 04:33:33.604758,70.985,8,1723.953675,70.985,1,0xcaf00370,0,0,8,2140,10331,3,1,0,37,1,0,3,6,0,1,13,64,1
213943,2025-06-25 04:33:33.655613,50.855,8,1724.004529,50.854,1,0xcaf00370,0,0,8,2147,10338,0,1,0,6,1,0,30,3,2,0,2,0,3
214849,2025-06-25 04:33:33.744303,88.69000000000001,8,1724.093219,88.69,1,0xcaf00370,0,0,8,2192,10383,1,0,0,6,1,0,22,3,2,0,2,1,2
215329,2025-06-25 04:33:33.793814,49.511,8,1724.142731,49.512,1,0xcaf00370,0,0,8,2192,10383,2,1,0,38,1,0,8,3,0,0,3,192,1
215861,2025-06-25 04:33:33.844123,50.309,8,1724.19304,50.309,1,0xcaf00370,0,0,8,2203,10394,3,0,0,6,1,0,27,3,2,0,2,0,2
216416,2025-06-25 04:33:33.893807,49.684,8,1724.242709,49.669,1,0xcaf00370,0,0,8,2203,10394,0,1,0,39,1,0,3,6,0,1,13,64,1
217107,2025-06-25 04:33:33.964099,70.29199999999999,8,1724.313001,70.292,1,0xcaf00370,0,0,8,2217,10408,1,0,0,6,1,0,27,3,2,0,2,0,2
217665,2025-06-25 04:33:34.014364,50.265,8,1724.363265,50.264,1,0xcaf00370,0,0,8,2217,10408,2,1,0,40,1,0,3,6,0,1,13,50,1
218139,2025-06-25 04:33:34.064259,49.895,8,1724.413161,49.896,1,0xcaf00370,0,0,8,2252,10443,3,0,0,6,1,0,27,3,2,0,2,0,2
218664,2025-06-25 04:33:34.113817,49.558,8,1724.462719,49.558,1,0xcaf00370,0,0,8,2252,10443,0,1,0,41,1,0,3,6,0,1,13,67,1
219562,2025-06-25 04:33:34.203923,90.10600000000001,8,1724.552825,90.106,1,0xcaf00370,0,0,8,2279,10470,1,0,0,6,1,0,27,3,2,0,2,0,2
220080,2025-06-25 04:33:34.253829,49.906,8,1724.602731,49.906,1,0xcaf00370,0,0,8,2279,10470,2,1,0,42,1,0,3,6,0,1,13,66,1
220778,2025-06-25 04:33:34.324378,70.549,8,1724.67328,70.549,1,0xcaf00370,0,0,8,2294,10485,3,0,0,6,1,0,27,3,2,0,2,253,2
221300,2025-06-25 04:33:34.373837,49.459,8,1724.722739,49.459,1,0xcaf00370,0,0,8,2294,10485,0,1,0,43,1,0,3,6,0,1,13,64,1
221803,2025-06-25 04:33:34.424839,51.001999999999995,8,1724.773741,51.002,1,0xcaf00370,0,0,8,2311,10502,1,0,0,6,1,0,27,3,2,0,2,1,3
222293,2025-06-25 04:33:34.474156,49.317,8,1724.823058,49.317,1,0xcaf00370,0,0,8,2311,10502,2,1,0,44,1,0,3,6,0,1,13,68,1
223013,2025-06-25 04:33:34.544601,70.445,8,1724.893503,70.445,1,0xcaf00370,0,0,8,2367,10558,3,0,0,6,1,0,24,3,2,0,2,0,2
223535,2025-06-25 04:33:34.593847,49.245999999999995,8,1724.942749,49.246,1,0xcaf00370,0,0,8,2367,10558,0,1,0,45,1,0,6,5,0,0,3,191,1
224063,2025-06-25 04:33:34.644162,50.315,8,1724.993064,50.315,1,0xcaf00370,0,0,8,2446,10637,1,0,0,6,1,0,30,3,2,0,2,253,2
224573,2025-06-25 04:33:34.693848,49.686,8,1725.042749,49.685,1,0xcaf00370,0,0,8,2446,10637,2,0,0,46,1,0,31,7,0,0,3,254,15
225244,2025-06-25 04:33:34.764181,70.33300000000001,8,1725.113083,70.334,1,0xcaf00370,0,0,8,2446,10637,3,1,0,47,1,0,0,5,0,0,3,191,1
225775,2025-06-25 04:33:34.813849,49.668,8,1725.162751,49.668,1,0xcaf00370,0,0,8,2479,10670,0,0,0,6,1,0,27,3,2,0,2,1,2
226476,2025-06-25 04:33:34.884066,70.217,8,1725.233063,70.312,1,0xcaf00370,0,0,8,2479,10670,1,1,0,48,1,0,3,6,0,0,3,64,1
227036,2025-06-25 04:33:34.934706,50.64,8,1725.283703,50.64,1,0xcaf00370,0,0,8,2545,10736,2,0,0,6,1,0,27,3,2,0,2,1,2
227494,2025-06-25 04:33:34.984064,49.358,8,1725.333061,49.358,1,0xcaf00370,0,0,8,2545,10736,3,1,0,49,1,0,3,5,0,0,3,65,1
228039,2025-06-25 04:33:35.033773,49.709,8,1725.382769,49.708,1,0xcaf00370,0,0,8,2603,10794,0,0,0,6,1,0,27,3,2,0,2,0,2
228771,2025-06-25 04:33:35.103796,70.023,8,1725.452793,70.024,1,0xcaf00370,0,0,8,2603,10794,1,1,0,50,1,0,3,5,0,0,3,63,1
229291,2025-06-25 04:33:35.153781,49.985,8,1725.502778,49.985,1,0xcaf00370,0,0,8,2621,10812,2,1,0,6,1,0,30,3,2,0,2,0,3
230004,2025-06-25 04:33:35.225318,71.537,8,1725.574315,71.537,1,0xcaf00370,0,0,8,2657,10848,3,0,0,6,1,0,22,3,2,0,2,1,2
230502,2025-06-25 04:33:35.273893,48.575,8,1725.622889,48.574,1,0xcaf00370,0,0,8,2657,10848,0,1,0,51,1,0,8,3,0,0,3,193,1
231210,2025-06-25 04:33:35.345372,71.479,8,1725.694369,71.48,1,0xcaf00370,0,0,8,2809,11000,1,1,0,6,1,0,30,3,2,0,2,0,3
231749,2025-06-25 04:33:35.393786,48.414,8,1725.742783,48.414,1,0xcaf00370,0,0,8,2852,11043,2,0,0,6,1,0,24,3,2,0,2,0,2
232651,2025-06-25 04:33:35.483813,90.027,8,1725.83281,90.027,1,0xcaf00370,0,0,8,2852,11043,3,1,0,52,1,0,6,5,0,0,3,191,1
233176,2025-06-25 04:33:35.533789,49.976,8,1725.882785,49.975,1,0xcaf00370,0,0,8,2862,11053,0,0,0,6,1,0,27,3,2,0,2,0,2
233665,2025-06-25 04:33:35.584041,50.251999999999995,8,1725.933038,50.253,1,0xcaf00370,0,0,8,2862,11053,1,1,0,54,1,0,3,6,0,1,13,62,1
234191,2025-06-25 04:33:35.633797,49.756,8,1725.982794,49.756,1,0xcaf00370,0,0,8,2914,11105,2,0,0,6,1,0,27,3,2,0,2,0,2
234720,2025-06-25 04:33:35.684234,50.437000000000005,8,1726.03323,50.436,1,0xcaf00370,0,0,8,2914,11105,3,1,0,55,1,0,3,6,0,1,13,61,1
235201,2025-06-25 04:33:35.733793,49.559,8,1726.08279,49.56,1,0xcaf00370,0,0,8,2938,11129,0,1,0,6,1,0,30,3,2,0,2,0,3
235995,2025-06-25 04:33:35.804567,70.774,8,1726.153563,70.773,1,0xcaf00370,0,0,8,2975,11166,1,1,0,6,1,0,30,3,2,0,2,1,4
236557,2025-06-25 04:33:35.861176,56.609,8,1726.210147,56.584,1,0xcaf00370,0,0,8,2990,11181,2,0,0,6,1,0,27,3,2,0,2,0,4
237218,2025-06-25 04:33:35.924518,63.342,8,1726.273488,63.341,1,0xcaf00370,0,0,8,2990,11181,3,1,0,56,1,0,3,6,0,1,13,64,1
237712,2025-06-25 04:33:35.973831,49.313,8,1726.322802,49.314,1,0xcaf00370,0,0,8,3003,11194,0,0,0,6,1,0,27,3,2,0,2,253,4
238652,2025-06-25 04:33:36.063853,90.022,8,1726.412824,90.022,1,0xcaf00370,0,0,8,3003,11194,1,1,0,57,1,0,3,6,0,1,13,60,1
239168,2025-06-25 04:33:36.113838,49.985,8,1726.462809,49.985,1,0xcaf00370,0,0,8,3056,11247,2,0,0,6,1,0,24,3,2,0,2,253,2
239706,2025-06-25 04:33:36.164996,51.158,8,1726.513966,51.157,1,0xcaf00370,0,0,8,3056,11247,3,0,0,58,1,0,6,4,0,0,3,193,1
240212,2025-06-25 04:33:36.214329,49.333,8,1726.5633,49.334,1,0xcaf00370,0,0,8,3056,11247,0,1,0,59,1,0,31,7,0,0,3,254,15
240741,2025-06-25 04:33:36.264150,49.821,8,1726.613121,49.821,1,0xcaf00370,0,0,8,3108,11299,1,0,0,6,1,0,27,3,2,0,2,251,2
241249,2025-06-25 04:33:36.313878,49.728,8,1726.662849,49.728,1,0xcaf00370,0,0,8,3108,11299,2,1,0,60,1,0,3,6,0,1,13,63,1
241955,2025-06-25 04:33:36.384156,70.27799999999999,8,1726.733126,70.277,1,0xcaf00370,0,0,8,3135,11326,3,1,0,6,1,0,30,3,2,0,2,253,3
242481,2025-06-25 04:33:36.433876,49.72,8,1726.782847,49.721,1,0xcaf00370,0,0,8,3165,11356,0,0,0,6,1,0,22,3,2,0,2,1,2
243202,2025-06-25 04:33:36.504176,70.3,8,1726.853147,70.3,1,0xcaf00370,0,0,8,3165,11356,1,0,0,61,1,0,6,5,0,0,3,192,1
243717,2025-06-25 04:33:36.554684,50.507999999999996,8,1726.903655,50.508,1,0xcaf00370,0,0,8,3165,11356,2,1,0,62,1,0,2,5,0,0,3,65,1
244209,2025-06-25 04:33:36.604280,49.596000000000004,8,1726.95325,49.595,1,0xcaf00370,0,0,8,3242,11433,3,1,0,6,1,0,30,3,2,0,2,0,3
244767,2025-06-25 04:33:36.655630,51.35,8,1727.004601,51.351,1,0xcaf00370,0,0,8,3277,11468,0,0,0,6,1,0,24,3,2,0,2,0,2
245244,2025-06-25 04:33:36.704275,48.645,8,1727.053246,48.645,1,0xcaf00370,0,0,8,3277,11468,1,1,0,63,1,0,6,6,0,0,3,190,1
245740,2025-06-25 04:33:36.754730,50.455,8,1727.1037,50.454,1,0xcaf00370,0,0,8,3289,11480,2,0,0,6,1,0,27,3,2,0,2,0,2
246633,2025-06-25 04:33:36.844102,89.372,8,1727.193073,89.373,1,0xcaf00370,0,0,8,3289,11480,3,1,0,9,1,0,3,6,0,0,3,64,1
247198,2025-06-25 04:33:36.894093,49.991,8,1727.243072,49.999,1,0xcaf00370,0,0,8,3385,11576,0,0,0,6,1,0,27,3,2,0,2,0,2
247918,2025-06-25 04:33:36.964321,70.228,8,1727.313301,70.229,1,0xcaf00370,0,0,8,3385,11576,1,1,0,10,1,0,3,5,0,0,3,62,1
248440,2025-06-25 04:33:37.014557,50.236000000000004,8,1727.363537,50.236,1,0xcaf00370,0,0,8,3405,11596,2,1,0,6,1,0,30,3,2,0,2,253,3
248970,2025-06-25 04:33:37.064558,50.001,8,1727.413537,50.0,1,0xcaf00370,0,0,8,3437,11628,3,0,0,6,1,0,23,3,2,0,2,1,2
249462,2025-06-25 04:33:37.115561,51.003,8,1727.46454,51.003,1,0xcaf00370,0,0,8,3437,11628,0,0,0,11,1,0,6,5,0,0,3,191,1
250201,2025-06-25 04:33:37.184167,68.606,8,1727.533146,68.606,1,0xcaf00370,0,0,8,3437,11628,1,1,0,12,1,0,1,6,0,0,3,55,1
250670,2025-06-25 04:33:37.233894,49.727000000000004,8,1727.582873,49.727,1,0xcaf00370,0,0,8,3517,11708,2,0,0,6,1,0,27,3,2,0,2,0,2
251420,2025-06-25 04:33:37.304316,70.422,8,1727.653296,70.423,1,0xcaf00370,0,0,8,3517,11708,3,1,0,13,1,0,3,6,0,1,13,63,1
251882,2025-06-25 04:33:37.353950,49.634,8,1727.70293,49.634,1,0xcaf00370,0,0,8,3557,11748,0,0,0,6,1,0,27,3,2,0,2,253,2
252846,2025-06-25 04:33:37.443950,90.0,8,1727.79293,90.0,1,0xcaf00370,0,0,8,3557,11748,1,1,0,14,1,0,3,6,0,1,13,62,1
253367,2025-06-25 04:33:37.494620,50.67,8,1727.8436,50.67,1,0xcaf00370,0,0,8,3591,11782,2,0,0,6,1,0,27,3,2,0,2,0,2
254064,2025-06-25 04:33:37.564334,69.714,8,1727.913314,69.714,1,0xcaf00370,0,0,8,3591,11782,3,1,0,18,1,0,3,6,0,1,13,64,1
254556,2025-06-25 04:33:37.613912,49.577999999999996,8,1727.962891,49.577,1,0xcaf00370,0,0,8,3607,11798,0,0,0,6,1,0,27,3,2,0,2,253,2
255081,2025-06-25 04:33:37.664219,50.306999999999995,8,1728.013198,50.307,1,0xcaf00370,0,0,8,3607,11798,1,1,0,19,1,0,3,6,0,1,13,54,1
255550,2025-06-25 04:33:37.713924,49.705,8,1728.062904,49.706,1,0xcaf00370,0,0,8,3624,11815,2,0,0,6,1,0,27,3,2,0,2,1,2
256518,2025-06-25 04:33:37.804194,90.27,8,1728.153173,90.269,1,0xcaf00370,0,0,8,3624,11815,3,1,0,20,1,0,3,6,0,1,13,72,1
257020,2025-06-25 04:33:37.853740,49.546,8,1728.202903,49.73,1,0xcaf00370,0,0,8,3630,11821,0,1,0,6,1,0,30,3,2,0,2,0,3
257601,2025-06-25 04:33:37.905259,51.519000000000005,8,1728.254423,51.52,1,0xcaf00370,0,0,8,3667,11858,1,0,0,6,1,0,23,3,2,0,2,0,2
258051,2025-06-25 04:33:37.954176,48.917,8,1728.30334,48.917,1,0xcaf00370,0,0,8,3667,11858,2,0,0,21,1,0,6,5,0,0,3,191,1
258601,2025-06-25 04:33:38.003994,49.818,8,1728.353157,49.817,1,0xcaf00370,0,0,8,3667,11858,3,1,0,24,1,0,1,5,0,0,3,62,1
259169,2025-06-25 04:33:38.053751,49.757000000000005,8,1728.402915,49.758,1,0xcaf00370,0,0,8,3714,11905,0,0,0,6,1,0,27,3,2,0,2,0,2
259679,2025-06-25 04:33:38.104045,50.294,8,1728.453208,50.293,1,0xcaf00370,0,0,8,3714,11905,1,1,0,25,1,0,3,6,0,1,13,65,1
260924,2025-06-25 04:33:38.226614,122.569,8,1728.575777,122.569,1,0xcaf00370,0,0,8,3739,11930,2,1,0,6,0,0,30,3,2,0,2,0,3
261398,2025-06-25 04:33:38.273788,47.174,8,1728.622951,47.174,1,0xcaf00370,0,0,8,3739,11930,3,1,0,6,1,0,30,3,2,0,2,0,3
262312,2025-06-25 04:33:38.364252,90.464,8,1728.713415,90.464,1,0xcaf00370,0,0,8,3778,11969,0,0,0,6,0,0,24,3,2,0,2,0,2
262828,2025-06-25 04:33:38.413784,49.532,8,1728.762947,49.532,1,0xcaf00370,0,0,8,3778,11969,1,0,0,6,1,0,24,3,2,0,2,0,2
263325,2025-06-25 04:33:38.464057,50.272999999999996,8,1728.813221,50.274,1,0xcaf00370,0,0,8,3778,11969,2,1,0,26,0,0,6,5,0,0,3,191,1
263823,2025-06-25 04:33:38.513765,49.708000000000006,8,1728.862929,49.708,1,0xcaf00370,0,0,8,3778,11969,3,1,0,26,1,0,6,5,0,0,3,191,1
264562,2025-06-25 04:33:38.584071,70.306,8,1728.933234,70.305,1,0xcaf00370,0,0,8,3811,12002,0,1,0,6,0,0,30,3,2,0,2,0,3
265090,2025-06-25 04:33:38.634215,50.144,8,1728.983378,50.144,1,0xcaf00370,0,0,8,3811,12002,1,1,0,6,1,0,30,3,2,0,2,0,3
265612,2025-06-25 04:33:38.684212,49.997,8,1729.033375,49.997,1,0xcaf00370,0,0,8,3857,12048,2,0,0,6,0,0,27,3,2,0,2,2,2
266089,2025-06-25 04:33:38.733768,49.556000000000004,8,1729.082931,49.556,1,0xcaf00370,0,0,8,3857,12048,3,0,0,6,1,0,27,3,2,0,2,2,2
266841,2025-06-25 04:33:38.804532,70.764,8,1729.153695,70.764,1,0xcaf00370,0,0,8,3857,12048,0,0,0,27,0,0,2,6,0,0,3,191,1
267312,2025-06-25 04:33:38.852907,48.375,8,1729.202947,49.252,1,0xcaf00370,0,0,8,3857,12048,1,0,0,27,1,0,2,6,0,0,3,191,1
268292,2025-06-25 04:33:38.942942,90.03500000000001,8,1729.292983,90.036,1,0xcaf00370,0,0,8,3857,12048,2,1,0,53,0,0,1,6,0,1,13,82,1
268818,2025-06-25 04:33:38.992904,49.961999999999996,8,1729.342945,49.962,1,0xcaf00370,0,0,8,3857,12048,3,1,0,53,1,0,1,6,0,1,13,82,1
269344,2025-06-25 04:33:39.043218,50.314,8,1729.393259,50.314,1,0xcaf00370,0,0,8,4712,4712,0,1,0,6,1,0,30,2,2,1,1,0,4
269848,2025-06-25 04:33:39.092903,49.685,8,1729.442944,49.685,1,0xcaf00370,0,0,8,5015,5015,1,1,0,6,1,0,30,2,2,1,1,0,4
270409,2025-06-25 04:33:39.143216,50.312999999999995,8,1729.493257,50.313,1,0xcaf00370,0,0,8,5346,5346,2,1,0,6,1,0,30,2,2,1,1,0,5
270932,2025-06-25 04:33:39.193105,49.889,8,1729.543145,49.888,1,0xcaf00370,0,0,8,5356,5356,3,0,0,6,1,0,26,2,2,1,1,0,4
271633,2025-06-25 04:33:39.263232,70.127,8,1729.613273,70.128,1,0xcaf00370,0,0,8,5356,5356,0,1,0,15,1,0,4,3,0,1,10,6,1
272133,2025-06-25 04:33:39.312933,49.701,8,1729.662974,49.701,1,0xcaf00370,0,0,8,6828,6828,1,0,0,6,1,0,30,2,2,1,1,1,5
272870,2025-06-25 04:33:39.383362,70.429,8,1729.733403,70.429,1,0xcaf00370,0,0,8,6828,6828,2,1,0,16,1,0,0,3,0,0,10,120,0
273389,2025-06-25 04:33:39.432921,49.559,8,1729.782961,49.558,1,0xcaf00370,0,0,8,6944,6944,3,1,0,6,1,0,30,2,2,1,1,0,4
274303,2025-06-25 04:33:39.522955,90.034,8,1729.872995,90.034,1,0xcaf00370,0,0,8,7111,7111,0,0,0,6,1,0,30,2,2,1,1,0,5
274813,2025-06-25 04:33:39.572929,49.974,8,1729.922969,49.974,1,0xcaf00370,0,0,8,7111,7111,1,1,0,17,1,0,0,3,0,0,10,119,0
275331,2025-06-25 04:33:39.624573,51.644000000000005,8,1729.974613,51.644,1,0xcaf00370,0,0,8,7243,7243,2,1,0,6,1,0,30,2,2,1,1,253,4
275863,2025-06-25 04:33:39.672958,48.385,8,1730.022998,48.385,1,0xcaf00370,0,0,8,600,8791,3,0,0,6,1,0,26,2,2,1,1,0,3
276549,2025-06-25 04:33:39.743468,70.51,8,1730.093509,70.511,1,0xcaf00370,0,0,8,600,8791,0,1,0,22,1,0,4,2,0,1,9,8,2
277083,2025-06-25 04:33:39.792980,49.512,8,1730.14302,49.511,1,0xcaf00370,0,0,8,840,9031,1,0,0,6,1,0,26,3,2,1,1,0,1
277804,2025-06-25 04:33:39.864530,71.55,8,1730.214738,71.718,1,0xcaf00370,0,0,8,840,9031,2,1,0,23,1,0,4,2,0,1,9,248,2
278318,2025-06-25 04:33:39.912795,48.265,8,1730.263004,48.266,1,0xcaf00370,0,0,8,1100,9291,3,1,0,6,1,0,30,3,2,1,1,3,1
278803,2025-06-25 04:33:39.963095,50.3,8,1730.313304,50.3,1,0xcaf00370,0,0,8,1180,9371,0,1,0,6,1,0,30,3,2,1,1,253,1
279353,2025-06-25 04:33:40.012813,49.717999999999996,8,1730.363021,49.717,1,0xcaf00370,0,0,8,1367,9558,1,1,0,6,1,0,30,3,2,1,1,253,1
280289,2025-06-25 04:33:40.102833,90.02,8,1730.453041,90.02,1,0xcaf00370,0,0,8,1407,9598,2,1,0,6,1,0,30,3,2,1,1,253,1
280783,2025-06-25 04:33:40.152809,49.976,8,1730.503017,49.976,1,0xcaf00370,0,0,8,1422,9613,3,0,0,6,1,0,30,3,2,1,1,253,2
281264,2025-06-25 04:33:40.203100,50.291000000000004,8,1730.553309,50.292,1,0xcaf00370,0,0,8,1422,9613,0,1,0,28,1,0,0,3,0,0,9,119,0
281782,2025-06-25 04:33:40.252838,49.738,8,1730.603046,49.737,1,0xcaf00370,0,0,8,1630,9821,1,0,0,6,1,0,30,3,2,1,9,0,3
282478,2025-06-25 04:33:40.323094,70.256,8,1730.673303,70.257,1,0xcaf00370,0,0,8,1630,9821,2,1,0,29,1,0,0,3,0,0,9,114,0
283033,2025-06-25 04:33:40.372798,49.704,8,1730.723007,49.704,1,0xcaf00370,0,0,8,1749,9940,3,1,0,6,1,0,30,3,2,1,9,1,2
283558,2025-06-25 04:33:40.423346,50.548,8,1730.773555,50.548,1,0xcaf00370,0,0,8,1828,10019,0,1,0,6,1,0,30,3,2,1,9,0,3
284032,2025-06-25 04:33:40.473138,49.792,8,1730.823347,49.792,1,0xcaf00370,0,0,8,2022,10213,1,0,0,6,1,0,16,3,2,1,2,1,1
284933,2025-06-25 04:33:40.563237,90.099,8,1730.913446,90.099,1,0xcaf00370,0,0,8,2022,10213,2,0,0,30,1,0,14,3,0,1,2,64,2
285466,2025-06-25 04:33:40.612833,49.596000000000004,8,1730.963041,49.595,1,0xcaf00370,0,0,8,2022,10213,3,1,0,31,1,0,0,3,0,0,2,191,0
286164,2025-06-25 04:33:40.682841,70.008,8,1731.03305,70.009,1,0xcaf00370,0,0,8,2035,10226,0,0,0,6,1,0,21,3,2,0,2,191,1
286677,2025-06-25 04:33:40.732827,49.986000000000004,8,1731.083036,49.986,1,0xcaf00370,0,0,8,2035,10226,1,0,0,32,1,0,9,4,0,0,2,243,1
287215,2025-06-25 04:33:40.783279,50.452,8,1731.133488,50.452,1,0xcaf00370,0,0,8,2035,10226,2,1,0,33,1,0,0,3,0,0,2,64,0
287673,2025-06-25 04:33:40.832831,49.552,8,1731.183039,49.551,1,0xcaf00370,0,0,8,2046,10237,3,0,0,6,1,0,30,3,2,0,2,0,2
288459,2025-06-25 04:33:40.904497,71.666,8,1731.253724,70.685,1,0xcaf00370,0,0,8,2046,10237,0,0,0,34,1,0,0,4,0,0,2,73,0
288926,2025-06-25 04:33:40.953815,49.318,8,1731.303042,49.318,1,0xcaf00370,0,0,8,2046,10237,1,1,0,35,1,0,0,3,0,1,2,193,1
289701,2025-06-25 04:33:41.024349,70.534,8,1731.373577,70.535,1,0xcaf00370,0,0,8,2094,10285,2,0,0,6,1,0,27,3,2,0,2,0,2
290182,2025-06-25 04:33:41.073814,49.465,8,1731.423041,49.464,1,0xcaf00370,0,0,8,2094,10285,3,1,0,36,1,0,3,6,0,1,13,66,1
291100,2025-06-25 04:33:41.164264,90.45,8,1731.513491,90.45,1,0xcaf00370,0,0,8,2140,10331,0,0,0,6,1,0,27,3,2,0,2,253,2
291681,2025-06-25 04:33:41.213822,49.558,8,1731.563049,49.558,1,0xcaf00370,0,0,8,2140,10331,1,1,0,37,1,0,3,6,0,1,13,64,1
292209,2025-06-25 04:33:41.264523,50.701,8,1731.61375,50.701,1,0xcaf00370,0,0,8,2147,10338,2,1,0,6,1,0,30,3,2,0,2,0,3
292689,2025-06-25 04:33:41.313950,49.427,8,1731.663177,49.427,1,0xcaf00370,0,0,8,2192,10383,3,0,0,6,1,0,22,3,2,0,2,1,2
293268,2025-06-25 04:33:41.368796,54.846,8,1731.718023,54.846,1,0xcaf00370,0,0,8,2192,10383,0,1,0,38,1,0,8,3,0,0,3,192,1
293751,2025-06-25 04:33:41.413838,45.042,8,1731.763065,45.042,1,0xcaf00370,0,0,8,2203,10394,1,0,0,6,1,0,27,3,2,0,2,0,2
294454,2025-06-25 04:33:41.484159,70.321,8,1731.833386,70.321,1,0xcaf00370,0,0,8,2203,10394,2,1,0,39,1,0,3,6,0,1,13,64,1
294949,2025-06-25 04:33:41.533835,49.675999999999995,8,1731.883062,49.676,1,0xcaf00370,0,0,8,2217,10408,3,0,0,6,1,0,27,3,2,0,2,0,2
295450,2025-06-25 04:33:41.584126,50.291000000000004,8,1731.933353,50.291,1,0xcaf00370,0,0,8,2217,10408,0,1,0,40,1,0,3,6,0,1,13,50,1
295961,2025-06-25 04:33:41.633845,49.719,8,1731.983072,49.719,1,0xcaf00370,0,0,8,2252,10443,1,0,0,6,1,0,27,3,2,0,2,0,2
296682,2025-06-25 04:33:41.704150,70.305,8,1732.053377,70.305,1,0xcaf00370,0,0,8,2252,10443,2,1,0,41,1,0,3,6,0,1,13,67,1
297186,2025-06-25 04:33:41.754316,50.166000000000004,8,1732.103543,50.166,1,0xcaf00370,0,0,8,2279,10470,3,0,0,6,1,0,27,3,2,0,2,0,2
298127,2025-06-25 04:33:41.843893,89.577,8,1732.19312,89.577,1,0xcaf00370,0,0,8,2279,10470,0,1,0,42,1,0,3,6,0,1,13,66,1
298657,2025-06-25 04:33:41.893873,49.98,8,1732.243087,49.967,1,0xcaf00370,0,0,8,2294,10485,1,0,0,6,1,0,27,3,2,0,2,253,2
299165,2025-06-25 04:33:41.944181,50.308,8,1732.293395,50.308,1,0xcaf00370,0,0,8,2294,10485,2,1,0,43,1,0,3,6,0,1,13,64,1
299691,2025-06-25 04:33:41.993901,49.72,8,1732.343115,49.72,1,0xcaf00370,0,0,8,2311,10502,3,0,0,6,1,0,27,3,2,0,2,1,3
300415,2025-06-25 04:33:42.065866,71.965,8,1732.41508,71.965,1,0xcaf00370,0,0,8,2311,10502,0,1,0,44,1,0,3,6,0,1,13,68,1
300923,2025-06-25 04:33:42.113887,48.021,8,1732.4631,48.02,1,0xcaf00370,0,0,8,2367,10558,1,0,0,6,1,0,24,3,2,0,2,0,2
301623,2025-06-25 04:33:42.184578,70.691,8,1732.533792,70.692,1,0xcaf00370,0,0,8,2367,10558,2,1,0,45,1,0,6,5,0,0,3,191,1
302121,2025-06-25 04:33:42.233893,49.315,8,1732.583107,49.315,1,0xcaf00370,0,0,8,2446,10637,3,0,0,6,1,0,30,3,2,0,2,253,2
303055,2025-06-25 04:33:41.924129,-309.764,8,1732.673283,90.176,1,0xcaf00370,0,0,8,2446,10637,0,0,0,46,1,0,31,7,0,0,3,254,15
303549,2025-06-25 04:33:41.973948,49.819,8,1732.723102,49.819,1,0xcaf00370,0,0,8,2446,10637,1,1,0,47,1,0,0,5,0,0,3,191,1
304271,2025-06-25 04:33:42.044450,70.502,8,1732.793603,70.501,1,0xcaf00370,0,0,8,2479,10670,2,0,0,6,1,0,27,3,2,0,2,1,2
304778,2025-06-25 04:33:42.093965,49.515,8,1732.843119,49.516,1,0xcaf00370,0,0,8,2479,10670,3,1,0,48,1,0,3,6,0,0,3,64,1
305263,2025-06-25 04:33:42.144501,50.535999999999994,8,1732.893654,50.535,1,0xcaf00370,0,0,8,2545,10736,0,0,0,6,1,0,27,3,2,0,2,1,2
305812,2025-06-25 04:33:42.194007,49.506,8,1732.943161,49.507,1,0xcaf00370,0,0,8,2545,10736,1,1,0,49,1,0,3,5,0,0,3,65,1
306306,2025-06-25 04:33:42.244736,50.729000000000006,8,1732.99389,50.729,1,0xcaf00370,0,0,8,2603,10794,2,0,0,6,1,0,27,3,2,0,2,0,2
306826,2025-06-25 04:33:42.293957,49.221000000000004,8,1733.043111,49.221,1,0xcaf00370,0,0,8,2603,10794,3,1,0,50,1,0,3,5,0,0,3,63,1
307522,2025-06-25 04:33:42.364510,70.55300000000001,8,1733.113663,70.552,1,0xcaf00370,0,0,8,2621,10812,0,1,0,6,1,0,30,3,2,0,2,0,3
308029,2025-06-25 04:33:42.413999,49.489,8,1733.163153,49.49,1,0xcaf00370,0,0,8,2657,10848,1,0,0,6,1,0,22,3,2,0,2,1,2
308775,2025-06-25 04:33:42.484405,70.40599999999999,8,1733.233558,70.405,1,0xcaf00370,0,0,8,2657,10848,2,1,0,51,1,0,8,3,0,0,3,193,1
309277,2025-06-25 04:33:42.533981,49.576,8,1733.283135,49.577,1,0xcaf00370,0,0,8,2809,11000,3,1,0,6,1,0,30,3,2,0,2,0,3
310279,2025-06-25 04:33:43.025630,491.649,8,1733.374942,91.807,1,0xcaf00370,0,0,8,2852,11043,0,0,0,6,1,0,24,3,2,0,2,0,2
310836,2025-06-25 04:33:43.075109,49.479,8,1733.424421,49.479,1,0xcaf00370,0,0,8,2852,11043,1,1,0,52,1,0,6,5,0,0,3,191,1
311345,2025-06-25 04:33:43.124103,48.994,8,1733.473414,48.993,1,0xcaf00370,0,0,8,2862,11053,2,0,0,6,1,0,27,3,2,0,2,0,2
311883,2025-06-25 04:33:43.176003,51.9,8,1733.525314,51.9,1,0xcaf00370,0,0,8,2862,11053,3,1,0,54,1,0,3,6,0,1,13,62,1
312553,2025-06-25 04:33:43.244401,68.398,8,1733.593712,68.398,1,0xcaf00370,0,0,8,2914,11105,0,0,0,6,1,0,27,3,2,0,2,0,2
313070,2025-06-25 04:33:43.293832,49.431000000000004,8,1733.643144,49.432,1,0xcaf00370,0,0,8,2914,11105,1,1,0,55,1,0,3,6,0,1,13,61,1
313584,2025-06-25 04:33:43.344174,50.342,8,1733.693485,50.341,1,0xcaf00370,0,0,8,2938,11129,2,1,0,6,1,0,30,3,2,0,2,0,3
314118,2025-06-25 04:33:43.393868,49.694,8,1733.74318,49.695,1,0xcaf00370,0,0,8,2975,11166,3,1,0,6,1,0,30,3,2,0,2,1,4
314827,2025-06-25 04:33:43.464295,70.427,8,1733.813606,70.426,1,0xcaf00370,0,0,8,2990,11181,0,0,0,6,1,0,27,3,2,0,2,0,4
315315,2025-06-25 04:33:43.513572,49.277,8,1733.862883,49.277,1,0xcaf00370,0,0,8,2990,11181,1,1,0,56,1,0,3,6,0,1,13,64,1
316060,2025-06-25 04:33:43.583937,70.365,8,1733.933248,70.365,1,0xcaf00370,0,0,8,3003,11194,2,0,0,6,1,0,27,3,2,0,2,253,4
316517,2025-06-25 04:33:43.633578,49.641,8,1733.982889,49.641,1,0xcaf00370,0,0,8,3003,11194,3,1,0,57,1,0,3,6,0,1,13,60,1
317468,2025-06-25 04:33:43.723915,90.337,8,1734.073226,90.337,1,0xcaf00370,0,0,8,3056,11247,0,0,0,6,1,0,24,3,2,0,2,253,2
317980,2025-06-25 04:33:43.773862,49.946999999999996,8,1734.123174,49.948,1,0xcaf00370,0,0,8,3056,11247,1,0,0,58,1,0,6,4,0,0,3,193,1
318705,2025-06-25 04:33:43.844646,70.784,8,1734.193957,70.783,1,0xcaf00370,0,0,8,3056,11247,2,1,0,59,1,0,31,7,0,0,3,254,15
319241,2025-06-25 04:33:43.894419,49.772999999999996,8,1734.243692,49.735,1,0xcaf00370,0,0,8,3108,11299,3,0,0,6,1,0,27,3,2,0,2,251,2
319927,2025-06-25 04:33:43.964188,69.76899999999999,8,1734.313461,69.769,1,0xcaf00370,0,0,8,3108,11299,0,1,0,60,1,0,3,6,0,1,13,63,1
320477,2025-06-25 04:33:44.013905,49.717,8,1734.363178,49.717,1,0xcaf00370,0,0,8,3135,11326,1,1,0,6,1,0,30,3,2,0,2,253,3
320982,2025-06-25 04:33:44.064337,50.431999999999995,8,1734.41361,50.432,1,0xcaf00370,0,0,8,3165,11356,2,0,0,6,1,0,22,3,2,0,2,1,2
321513,2025-06-25 04:33:44.113910,49.573,8,1734.463183,49.573,1,0xcaf00370,0,0,8,3165,11356,3,0,0,61,1,0,6,5,0,0,3,192,1
322250,2025-06-25 04:33:44.185712,71.802,8,1734.534985,71.802,1,0xcaf00370,0,0,8,3165,11356,0,1,0,62,1,0,2,5,0,0,3,65,1
322718,2025-06-25 04:33:44.233915,48.203,8,1734.583188,48.203,1,0xcaf00370,0,0,8,3242,11433,1,1,0,6,1,0,30,3,2,0,2,0,3
323282,2025-06-25 04:33:44.287740,53.824999999999996,8,1734.637012,53.824,1,0xcaf00370,0,0,8,3277,11468,2,0,0,6,1,0,24,3,2,0,2,0,2
323743,2025-06-25 04:33:44.334387,46.647,8,1734.68366,46.648,1,0xcaf00370,0,0,8,3277,11468,3,1,0,63,1,0,6,6,0,0,3,190,1
324476,2025-06-25 04:33:44.404243,69.856,8,1734.753516,69.856,1,0xcaf00370,0,0,8,3289,11480,0,0,0,6,1,0,27,3,2,0,2,0,2
324956,2025-06-25 04:33:44.453964,49.721000000000004,8,1734.803237,49.721,1,0xcaf00370,0,0,8,3289,11480,1,1,0,9,1,0,3,6,0,0,3,64,1
325660,2025-06-25 04:33:44.524226,70.262,8,1734.873499,70.262,1,0xcaf00370,0,0,8,3385,11576,2,0,0,6,1,0,27,3,2,0,2,0,2
326195,2025-06-25 04:33:44.573957,49.730999999999995,8,1734.92323,49.731,1,0xcaf00370,0,0,8,3385,11576,3,1,0,10,1,0,3,5,0,0,3,62,1
326900,2025-06-25 04:33:44.644266,70.309,8,1734.993539,70.309,1,0xcaf00370,0,0,8,3405,11596,0,1,0,6,1,0,30,3,2,0,2,253,3
327453,2025-06-25 04:33:44.693960,49.694,8,1735.043233,49.694,1,0xcaf00370,0,0,8,3437,11628,1,0,0,6,1,0,23,3,2,0,2,1,2
328107,2025-06-25 04:33:44.764832,70.872,8,1735.114105,70.872,1,0xcaf00370,0,0,8,3437,11628,2,0,0,11,1,0,6,5,0,0,3,191,1
328654,2025-06-25 04:33:44.813978,49.146,8,1735.163251,49.146,1,0xcaf00370,0,0,8,3437,11628,3,1,0,12,1,0,1,6,0,0,3,55,1
329609,2025-06-25 04:33:44.904250,90.272,8,1735.253533,90.282,1,0xcaf00370,0,0,8,3517,11708,0,0,0,6,1,0,27,3,2,0,2,0,2
330094,2025-06-25 04:33:44.953964,49.714,8,1735.303247,49.714,1,0xcaf00370,0,0,8,3517,11708,1,1,0,13,1,0,3,6,0,1,13,63,1
330623,2025-06-25 04:33:45.004250,50.285999999999994,8,1735.353533,50.286,1,0xcaf00370,0,0,8,3557,11748,2,0,0,6,1,0,27,3,2,0,2,253,2
331129,2025-06-25 04:33:45.053977,49.727000000000004,8,1735.40326,49.727,1,0xcaf00370,0,0,8,3557,11748,3,1,0,14,1,0,3,6,0,1,13,62,1
331871,2025-06-25 04:33:45.124393,70.41600000000001,8,1735.473676,70.416,1,0xcaf00370,0,0,8,3591,11782,0,0,0,6,1,0,27,3,2,0,2,0,2
332380,2025-06-25 04:33:45.174878,50.485,8,1735.52416,50.484,1,0xcaf00370,0,0,8,3591,11782,1,1,0,18,1,0,3,6,0,1,13,64,1
333080,2025-06-25 04:33:45.244291,69.413,8,1735.593573,69.413,1,0xcaf00370,0,0,8,3607,11798,2,0,0,6,1,0,27,3,2,0,2,253,2
333636,2025-06-25 04:33:45.296544,52.253,8,1735.645827,52.254,1,0xcaf00370,0,0,8,3607,11798,3,1,0,19,1,0,3,6,0,1,13,54,1
334285,2025-06-25 04:33:45.364270,67.726,8,1735.713552,67.725,1,0xcaf00370,0,0,8,3624,11815,0,0,0,6,1,0,27,3,2,0,2,1,2
334849,2025-06-25 04:33:45.413973,49.702999999999996,8,1735.763255,49.703,1,0xcaf00370,0,0,8,3624,11815,1,1,0,20,1,0,3,6,0,1,13,72,1
335554,2025-06-25 04:33:45.484704,70.73100000000001,8,1735.833987,70.732,1,0xcaf00370,0,0,8,3630,11821,2,1,0,6,1,0,30,3,2,0,2,0,3
336059,2025-06-25 04:33:45.533976,49.272000000000006,8,1735.883258,49.271,1,0xcaf00370,0,0,8,3667,11858,3,0,0,6,1,0,23,3,2,0,2,0,2
336790,2025-06-25 04:33:45.604911,70.935,8,1735.954193,70.935,1,0xcaf00370,0,0,8,3667,11858,0,0,0,21,1,0,6,5,0,0,3,191,1
337348,2025-06-25 04:33:45.658862,53.951,8,1736.008144,53.951,1,0xcaf00370,0,0,8,3667,11858,1,1,0,24,1,0,1,5,0,0,3,62,1
338000,2025-06-25 04:33:45.724288,65.426,8,1736.07357,65.426,1,0xcaf00370,0,0,8,3714,11905,2,0,0,6,1,0,27,3,2,0,2,0,2
338540,2025-06-25 04:33:45.774215,49.927,8,1736.123497,49.927,1,0xcaf00370,0,0,8,3714,11905,3,1,0,25,1,0,3,6,0,1,13,65,1
339453,2025-06-25 04:33:45.864061,89.84599999999999,8,1736.213331,89.834,1,0xcaf00370,0,0,8,3739,11930,0,1,0,6,1,0,30,3,2,0,2,0,3
340016,2025-06-25 04:33:45.914023,49.961999999999996,8,1736.263293,49.962,1,0xcaf00370,0,0,8,3778,11969,1,0,0,6,1,0,24,3,2,0,2,0,2
340714,2025-06-25 04:33:45.984330,70.30699999999999,8,1736.3336,70.307,1,0xcaf00370,0,0,8,3778,11969,2,1,0,26,1,0,6,5,0,0,3,191,1
341258,2025-06-25 04:33:46.034451,50.121,8,1736.38372,50.12,1,0xcaf00370,0,0,8,3811,12002,3,1,0,6,1,0,30,3,2,0,2,0,3
342010,2025-06-25 04:33:46.104838,70.387,8,1736.454107,70.387,1,0xcaf00370,0,0,8,3857,12048,0,0,0,6,1,0,27,3,2,0,2,2,2
342477,2025-06-25 04:33:46.154027,49.189,8,1736.503296,49.189,1,0xcaf00370,0,0,8,3857,12048,1,0,0,27,1,0,2,6,0,0,3,191,1
343233,2025-06-25 04:33:46.224305,70.27799999999999,8,1736.573574,70.278,1,0xcaf00370,0,0,8,3857,12048,2,1,0,53,1,0,1,6,0,1,13,82,1
344236,2025-06-25 04:33:46.324316,100.011,8,1736.673585,100.011,1,0xcaf00370,0,0,8,5015,5015,3,1,0,6,1,0,30,2,2,1,1,0,4
344787,2025-06-25 04:33:46.378824,54.508,8,1736.728094,54.509,1,0xcaf00370,0,0,8,5346,5346,0,1,0,6,1,0,30,2,2,1,1,0,5
345468,2025-06-25 04:33:46.445119,66.295,8,1736.794389,66.295,1,0xcaf00370,0,0,8,5356,5356,1,0,0,6,1,0,26,2,2,1,1,0,4
345986,2025-06-25 04:33:46.493768,48.649,8,1736.843038,48.649,1,0xcaf00370,0,0,8,5356,5356,2,1,0,15,1,0,4,3,0,1,10,6,1
346658,2025-06-25 04:33:46.564665,70.897,8,1736.913934,70.896,1,0xcaf00370,0,0,8,6828,6828,3,0,0,6,1,0,30,2,2,1,1,1,5
347230,2025-06-25 04:33:46.613761,49.096000000000004,8,1736.96303,49.096,1,0xcaf00370,0,0,8,6828,6828,0,1,0,16,1,0,0,3,0,0,10,120,0
347906,2025-06-25 04:33:46.684664,70.90299999999999,8,1737.033933,70.903,1,0xcaf00370,0,0,8,6944,6944,1,1,0,6,1,0,30,2,2,1,1,0,4
348434,2025-06-25 04:33:46.734037,49.373,8,1737.083306,49.373,1,0xcaf00370,0,0,8,7111,7111,2,0,0,6,1,0,30,2,2,1,1,0,5
349147,2025-06-25 04:33:46.804836,70.799,8,1737.154106,70.8,1,0xcaf00370,0,0,8,7111,7111,3,1,0,17,1,0,0,3,0,0,10,119,0
349641,2025-06-25 04:33:46.854139,49.303,8,1737.203409,49.303,1,0xcaf00370,0,0,8,7243,7243,0,1,0,6,1,0,30,2,2,1,1,253,4
350615,2025-06-25 04:33:46.944832,90.693,8,1737.295307,91.898,1,0xcaf00370,0,0,8,600,8791,1,0,0,6,1,0,26,2,2,1,1,0,3
351114,2025-06-25 04:33:46.992848,48.016000000000005,8,1737.343323,48.016,1,0xcaf00370,0,0,8,600,8791,2,1,0,22,1,0,4,2,0,1,9,8,2
351620,2025-06-25 04:33:47.043190,50.342,8,1737.393665,50.342,1,0xcaf00370,0,0,8,840,9031,3,0,0,6,1,0,26,3,2,1,1,0,1
352150,2025-06-25 04:33:47.092870,49.68,8,1737.443345,49.68,1,0xcaf00370,0,0,8,840,9031,0,1,0,23,1,0,4,2,0,1,9,248,2
352838,2025-06-25 04:33:47.163151,70.28099999999999,8,1737.513625,70.28,1,0xcaf00370,0,0,8,1100,9291,1,1,0,6,1,0,30,3,2,1,1,3,1
353375,2025-06-25 04:33:47.214624,51.473,8,1737.565099,51.474,1,0xcaf00370,0,0,8,1180,9371,2,1,0,6,1,0,30,3,2,1,1,253,1
353882,2025-06-25 04:33:47.263156,48.532,8,1737.61363,48.531,1,0xcaf00370,0,0,8,1367,9558,3,1,0,6,1,0,30,3,2,1,1,253,1
354390,2025-06-25 04:33:47.315117,51.961,8,1737.665591,51.961,1,0xcaf00370,0,0,8,1407,9598,0,1,0,6,1,0,30,3,2,1,1,253,1
355131,2025-06-25 04:33:47.383621,68.50399999999999,8,1737.734096,68.505,1,0xcaf00370,0,0,8,1422,9613,1,0,0,6,1,0,30,3,2,1,1,253,2
355616,2025-06-25 04:33:47.432859,49.238,8,1737.783334,49.238,1,0xcaf00370,0,0,8,1422,9613,2,1,0,28,1,0,0,3,0,0,9,119,0
356365,2025-06-25 04:33:47.503496,70.637,8,1737.853971,70.637,1,0xcaf00370,0,0,8,1630,9821,3,0,0,6,1,0,30,3,2,1,9,0,3
356820,2025-06-25 04:33:47.552888,49.391999999999996,8,1737.903363,49.392,1,0xcaf00370,0,0,8,1630,9821,0,1,0,29,1,0,0,3,0,0,9,114,0
357932,2025-06-25 04:33:47.662916,110.028,8,1738.013391,110.028,1,0xcaf00370,0,0,8,1749,9940,1,1,0,6,1,0,30,3,2,1,9,1,2
358432,2025-06-25 04:33:47.712978,50.062000000000005,8,1738.063453,50.062,1,0xcaf00370,0,0,8,1828,10019,2,1,0,6,1,0,30,3,2,1,9,0,3
358946,2025-06-25 04:33:47.763847,50.869,8,1738.114321,50.868,1,0xcaf00370,0,0,8,2022,10213,3,0,0,6,1,0,16,3,2,1,2,1,1
359482,2025-06-25 04:33:47.812946,49.099,8,1738.163421,49.1,1,0xcaf00370,0,0,8,2022,10213,0,0,0,30,1,0,14,3,0,1,2,64,2
359972,2025-06-25 04:33:47.864324,51.378,8,1738.213707,50.286,1,0xcaf00370,0,0,8,2022,10213,1,1,0,31,1,0,0,3,0,0,2,191,0
360518,2025-06-25 04:33:47.914188,49.864,8,1738.263571,49.864,1,0xcaf00370,0,0,8,2035,10226,2,0,0,6,1,0,21,3,2,0,2,191,1
361036,2025-06-25 04:33:47.964298,50.11,8,1738.313681,50.11,1,0xcaf00370,0,0,8,2035,10226,3,0,0,32,1,0,9,4,0,0,2,243,1
361610,2025-06-25 04:33:48.014015,49.717,8,1738.363398,49.717,1,0xcaf00370,0,0,8,2035,10226,0,1,0,33,1,0,0,3,0,0,2,64,0
362378,2025-06-25 04:33:48.084596,70.581,8,1738.433979,70.581,1,0xcaf00370,0,0,8,2046,10237,1,0,0,6,1,0,30,3,2,0,2,0,2
362873,2025-06-25 04:33:48.134002,49.406,8,1738.483385,49.406,1,0xcaf00370,0,0,8,2046,10237,2,0,0,34,1,0,0,4,0,0,2,73,0
363373,2025-06-25 04:33:48.185048,51.046,8,1738.534431,51.046,1,0xcaf00370,0,0,8,2046,10237,3,1,0,35,1,0,0,3,0,1,2,193,1
363869,2025-06-25 04:33:48.234008,48.959999999999994,8,1738.58339,48.959,1,0xcaf00370,0,0,8,2094,10285,0,0,0,6,1,0,27,3,2,0,2,0,2
364802,2025-06-25 04:33:48.325988,91.98,8,1738.675371,91.981,1,0xcaf00370,0,0,8,2094,10285,1,1,0,36,1,0,3,6,0,1,13,66,1
365303,2025-06-25 04:33:48.374464,48.476,8,1738.723846,48.475,1,0xcaf00370,0,0,8,2140,10331,2,0,0,6,1,0,27,3,2,0,2,253,2
366014,2025-06-25 04:33:48.444313,69.84899999999999,8,1738.793695,69.849,1,0xcaf00370,0,0,8,2140,10331,3,1,0,37,1,0,3,6,0,1,13,64,1
366542,2025-06-25 04:33:48.494100,49.787,8,1738.843483,49.788,1,0xcaf00370,0,0,8,2147,10338,0,1,0,6,1,0,30,3,2,0,2,0,3
367462,2025-06-25 04:33:48.584690,90.59,8,1738.934073,90.59,1,0xcaf00370,0,0,8,2192,10383,1,0,0,6,1,0,22,3,2,0,2,1,2
367970,2025-06-25 04:33:48.634682,49.992000000000004,8,1738.984065,49.992,1,0xcaf00370,0,0,8,2192,10383,2,1,0,38,1,0,8,3,0,0,3,192,1
368499,2025-06-25 04:33:48.684323,49.641,8,1739.033705,49.64,1,0xcaf00370,0,0,8,2203,10394,3,0,0,6,1,0,27,3,2,0,2,0,2
369005,2025-06-25 04:33:48.734015,49.692,8,1739.083397,49.692,1,0xcaf00370,0,0,8,2203,10394,0,1,0,39,1,0,3,6,0,1,13,64,1
369732,2025-06-25 04:33:48.804558,70.54299999999999,8,1739.153941,70.544,1,0xcaf00370,0,0,8,2217,10408,1,0,0,6,1,0,27,3,2,0,2,0,2
370206,2025-06-25 04:33:48.853958,49.4,8,1739.203412,49.471,1,0xcaf00370,0,0,8,2217,10408,2,1,0,40,1,0,3,6,0,1,13,50,1
371204,2025-06-25 04:33:48.946713,92.75500000000001,8,1739.296168,92.756,1,0xcaf00370,0,0,8,2252,10443,3,0,0,6,1,0,27,3,2,0,2,0,2
371666,2025-06-25 04:33:48.994190,47.477,8,1739.343644,47.476,1,0xcaf00370,0,0,8,2252,10443,0,1,0,41,1,0,3,6,0,1,13,67,1
372193,2025-06-25 04:33:49.044302,50.111999999999995,8,1739.393756,50.112,1,0xcaf00370,0,0,8,2279,10470,1,0,0,6,1,0,27,3,2,0,2,0,2
372713,2025-06-25 04:33:49.093967,49.665,8,1739.443422,49.666,1,0xcaf00370,0,0,8,2279,10470,2,1,0,42,1,0,3,6,0,1,13,66,1
373417,2025-06-25 04:33:49.164509,70.54199999999999,8,1739.513964,70.542,1,0xcaf00370,0,0,8,2294,10485,3,0,0,6,1,0,27,3,2,0,2,253,2
373925,2025-06-25 04:33:49.213979,49.47,8,1739.563433,49.469,1,0xcaf00370,0,0,8,2294,10485,0,1,0,43,1,0,3,6,0,1,13,64,1
374422,2025-06-25 04:33:49.264497,50.518,8,1739.613951,50.518,1,0xcaf00370,0,0,8,2311,10502,1,0,0,6,1,0,27,3,2,0,2,1,3
374937,2025-06-25 04:33:49.313967,49.47,8,1739.663421,49.47,1,0xcaf00370,0,0,8,2311,10502,2,1,0,44,1,0,3,6,0,1,13,68,1
375700,2025-06-25 04:33:49.384772,70.805,8,1739.734226,70.805,1,0xcaf00370,0,0,8,2367,10558,3,0,0,6,1,0,24,3,2,0,2,0,2
376199,2025-06-25 04:33:49.434515,49.743,8,1739.78397,49.744,1,0xcaf00370,0,0,8,2367,10558,0,1,0,45,1,0,6,5,0,0,3,191,1
377104,2025-06-25 04:33:49.524028,89.51299999999999,8,1739.873482,89.512,1,0xcaf00370,0,0,8,2446,10637,1,0,0,6,1,0,30,3,2,0,2,253,2
377569,2025-06-25 04:33:49.574040,50.012,8,1739.923495,50.013,1,0xcaf00370,0,0,8,2446,10637,2,0,0,46,1,0,31,7,0,0,3,254,15
378122,2025-06-25 04:33:49.625058,51.018,8,1739.974512,51.017,1,0xcaf00370,0,0,8,2446,10637,3,1,0,47,1,0,0,5,0,0,3,191,1
378617,2025-06-25 04:33:49.674039,48.980999999999995,8,1740.023494,48.982,1,0xcaf00370,0,0,8,2479,10670,0,0,0,6,1,0,27,3,2,0,2,1,2
379113,2025-06-25 04:33:49.724486,50.446999999999996,8,1740.07394,50.446,1,0xcaf00370,0,0,8,2479,10670,1,1,0,48,1,0,3,6,0,0,3,64,1
379641,2025-06-25 04:33:49.774081,49.595,8,1740.123535,49.595,1,0xcaf00370,0,0,8,2545,10736,2,0,0,6,1,0,27,3,2,0,2,1,2
380355,2025-06-25 04:33:49.844729,70.648,8,1740.194183,70.648,1,0xcaf00370,0,0,8,2545,10736,3,1,0,49,1,0,3,5,0,0,3,65,1
380904,2025-06-25 04:33:49.892995,48.266000000000005,8,1740.243489,49.306,1,0xcaf00370,0,0,8,2603,10794,0,0,0,6,1,0,27,3,2,0,2,0,2
381587,2025-06-25 04:33:49.963518,70.523,8,1740.314012,70.523,1,0xcaf00370,0,0,8,2603,10794,1,1,0,50,1,0,3,5,0,0,3,63,1
382136,2025-06-25 04:33:50.013018,49.5,8,1740.363512,49.5,1,0xcaf00370,0,0,8,2621,10812,2,1,0,6,1,0,30,3,2,0,2,0,3
382875,2025-06-25 04:33:50.083496,70.478,8,1740.43399,70.478,1,0xcaf00370,0,0,8,2657,10848,3,0,0,6,1,0,22,3,2,0,2,1,2
383343,2025-06-25 04:33:50.132987,49.491,8,1740.483481,49.491,1,0xcaf00370,0,0,8,2657,10848,0,1,0,51,1,0,8,3,0,0,3,193,1
383870,2025-06-25 04:33:50.183516,50.528999999999996,8,1740.53401,50.529,1,0xcaf00370,0,0,8,2809,11000,1,1,0,6,1,0,30,3,2,0,2,0,3
384344,2025-06-25 04:33:50.232988,49.472,8,1740.583482,49.472,1,0xcaf00370,0,0,8,2852,11043,2,0,0,6,1,0,24,3,2,0,2,0,2
385290,2025-06-25 04:33:50.323497,90.509,8,1740.673991,90.509,1,0xcaf00370,0,0,8,2852,11043,3,1,0,52,1,0,6,5,0,0,3,191,1
385745,2025-06-25 04:33:50.373208,49.711,8,1740.723702,49.711,1,0xcaf00370,0,0,8,2862,11053,0,0,0,6,1,0,27,3,2,0,2,0,2
386304,2025-06-25 04:33:50.423496,50.288,8,1740.77399,50.288,1,0xcaf00370,0,0,8,2862,11053,1,1,0,54,1,0,3,6,0,1,13,62,1
386775,2025-06-25 04:33:50.473035,49.539,8,1740.823528,49.538,1,0xcaf00370,0,0,8,2914,11105,2,0,0,6,1,0,27,3,2,0,2,0,2
387725,2025-06-25 04:33:50.563566,90.531,8,1740.91406,90.532,1,0xcaf00370,0,0,8,2914,11105,3,1,0,55,1,0,3,6,0,1,13,61,1
388244,2025-06-25 04:33:50.613018,49.452000000000005,8,1740.963512,49.452,1,0xcaf00370,0,0,8,2938,11129,0,1,0,6,1,0,30,3,2,0,2,0,3
388937,2025-06-25 04:33:50.683631,70.613,8,1741.034125,70.613,1,0xcaf00370,0,0,8,2975,11166,1,1,0,6,1,0,30,3,2,0,2,1,4
389456,2025-06-25 04:33:50.733901,50.27,8,1741.084395,50.27,1,0xcaf00370,0,0,8,2990,11181,2,0,0,6,1,0,27,3,2,0,2,0,4
390181,2025-06-25 04:33:50.803527,69.62599999999999,8,1741.154021,69.626,1,0xcaf00370,0,0,8,2990,11181,3,1,0,56,1,0,3,6,0,1,13,64,1
390673,2025-06-25 04:33:50.854075,50.548,8,1741.203566,49.545,1,0xcaf00370,0,0,8,3003,11194,0,0,0,6,1,0,27,3,2,0,2,253,4
391403,2025-06-25 04:33:50.924505,70.43,8,1741.273997,70.431,1,0xcaf00370,0,0,8,3003,11194,1,1,0,57,1,0,3,6,0,1,13,60,1
391901,2025-06-25 04:33:50.974048,49.543,8,1741.32354,49.543,1,0xcaf00370,0,0,8,3056,11247,2,0,0,6,1,0,24,3,2,0,2,253,2
392660,2025-06-25 04:33:51.044534,70.48599999999999,8,1741.394026,70.486,1,0xcaf00370,0,0,8,3056,11247,3,0,0,58,1,0,6,4,0,0,3,193,1
393185,2025-06-25 04:33:51.094070,49.535999999999994,8,1741.443562,49.536,1,0xcaf00370,0,0,8,3056,11247,0,1,0,59,1,0,31,7,0,0,3,254,15
394077,2025-06-25 04:33:51.184084,90.014,8,1741.533575,90.013,1,0xcaf00370,0,0,8,3108,11299,1,0,0,6,1,0,27,3,2,0,2,251,2
394634,2025-06-25 04:33:51.234058,49.974,8,1741.58355,49.975,1,0xcaf00370,0,0,8,3108,11299,2,1,0,60,1,0,3,6,0,1,13,63,1
395138,2025-06-25 04:33:51.284578,50.52,8,1741.634069,50.519,1,0xcaf00370,0,0,8,3135,11326,3,1,0,6,1,0,30,3,2,0,2,253,3
395645,2025-06-25 04:33:51.334035,49.457,8,1741.683527,49.458,1,0xcaf00370,0,0,8,3165,11356,0,0,0,6,1,0,22,3,2,0,2,1,2
396415,2025-06-25 04:33:51.404592,70.55699999999999,8,1741.754083,70.556,1,0xcaf00370,0,0,8,3165,11356,1,0,0,61,1,0,6,5,0,0,3,192,1
396904,2025-06-25 04:33:51.454502,49.910000000000004,8,1741.803993,49.91,1,0xcaf00370,0,0,8,3165,11356,2,1,0,62,1,0,2,5,0,0,3,65,1
397441,2025-06-25 04:33:51.504593,50.090999999999994,8,1741.854084,50.091,1,0xcaf00370,0,0,8,3242,11433,3,1,0,6,1,0,30,3,2,0,2,0,3
397899,2025-06-25 04:33:51.554791,50.198,8,1741.904282,50.198,1,0xcaf00370,0,0,8,3277,11468,0,0,0,6,1,0,24,3,2,0,2,0,2
398845,2025-06-25 04:33:51.644645,89.854,8,1741.994137,89.855,1,0xcaf00370,0,0,8,3277,11468,1,1,0,63,1,0,6,6,0,0,3,190,1
399345,2025-06-25 04:33:51.694063,49.418,8,1742.043554,49.417,1,0xcaf00370,0,0,8,3289,11480,2,0,0,6,1,0,27,3,2,0,2,0,2
399879,2025-06-25 04:33:51.744579,50.516,8,1742.09407,50.516,1,0xcaf00370,0,0,8,3289,11480,3,1,0,9,1,0,3,6,0,0,3,64,1
400367,2025-06-25 04:33:51.793821,49.242000000000004,8,1742.143312,49.242,1,0xcaf00370,0,0,8,3385,11576,0,0,0,6,1,0,27,3,2,0,2,0,2
401312,2025-06-25 04:33:51.884600,90.779,8,1742.234236,90.924,1,0xcaf00370,0,0,8,3385,11576,1,1,0,10,1,0,3,5,0,0,3,62,1
401822,2025-06-25 04:33:51.934880,50.28,8,1742.284515,50.279,1,0xcaf00370,0,0,8,3405,11596,2,1,0,6,1,0,30,3,2,0,2,253,3
402359,2025-06-25 04:33:51.984849,49.969,8,1742.334485,49.97,1,0xcaf00370,0,0,8,3437,11628,3,0,0,6,1,0,23,3,2,0,2,1,2
402855,2025-06-25 04:33:52.033922,49.073,8,1742.383558,49.073,1,0xcaf00370,0,0,8,3437,11628,0,0,0,11,1,0,6,5,0,0,3,191,1
403373,2025-06-25 04:33:52.084954,51.032000000000004,8,1742.43459,51.032,1,0xcaf00370,0,0,8,3437,11628,1,1,0,12,1,0,1,6,0,0,3,55,1
403881,2025-06-25 04:33:52.133924,48.97,8,1742.48356,48.97,1,0xcaf00370,0,0,8,3517,11708,2,0,0,6,1,0,27,3,2,0,2,0,2
404781,2025-06-25 04:33:52.223962,90.03800000000001,8,1742.573598,90.038,1,0xcaf00370,0,0,8,3517,11708,3,1,0,13,1,0,3,6,0,1,13,63,1
405282,2025-06-25 04:33:52.273992,50.03,8,1742.623627,50.029,1,0xcaf00370,0,0,8,3557,11748,0,0,0,6,1,0,27,3,2,0,2,253,2
406014,2025-06-25 04:33:52.345008,71.01599999999999,8,1742.694644,71.017,1,0xcaf00370,0,0,8,3557,11748,1,1,0,14,1,0,3,6,0,1,13,62,1
406543,2025-06-25 04:33:52.394587,49.579,8,1742.744223,49.579,1,0xcaf00370,0,0,8,3591,11782,2,0,0,6,1,0,27,3,2,0,2,0,2
407237,2025-06-25 04:33:52.464959,70.372,8,1742.814595,70.372,1,0xcaf00370,0,0,8,3591,11782,3,1,0,18,1,0,3,6,0,1,13,64,1
407741,2025-06-25 04:33:52.514009,49.050000000000004,8,1742.863645,49.05,1,0xcaf00370,0,0,8,3607,11798,0,0,0,6,1,0,27,3,2,0,2,253,2
408218,2025-06-25 04:33:52.564410,50.401,8,1742.914046,50.401,1,0xcaf00370,0,0,8,3607,11798,1,1,0,19,1,0,3,6,0,1,13,54,1
408788,2025-06-25 04:33:52.614021,49.611000000000004,8,1742.963657,49.611,1,0xcaf00370,0,0,8,3624,11815,2,0,0,6,1,0,27,3,2,0,2,1,2
409279,2025-06-25 04:33:52.664490,50.469,8,1743.014126,50.469,1,0xcaf00370,0,0,8,3624,11815,3,1,0,20,1,0,3,6,0,1,13,72,1
409775,2025-06-25 04:33:52.713977,49.487,8,1743.063613,49.487,1,0xcaf00370,0,0,8,3630,11821,0,1,0,6,1,0,30,3,2,0,2,0,3
410700,2025-06-25 04:33:52.804636,90.659,8,1743.154272,90.659,1,0xcaf00370,0,0,8,3667,11858,1,0,0,6,1,0,23,3,2,0,2,0,2
411195,2025-06-25 04:33:52.854755,50.119,8,1743.204285,50.013,1,0xcaf00370,0,0,8,3667,11858,2,0,0,21,1,0,6,5,0,0,3,191,1
411896,2025-06-25 04:33:52.924706,69.951,8,1743.274236,69.951,1,0xcaf00370,0,0,8,3667,11858,3,1,0,24,1,0,1,5,0,0,3,62,1
412424,2025-06-25 04:33:52.974080,49.374,8,1743.32361,49.374,1,0xcaf00370,0,0,8,3714,11905,0,0,0,6,1,0,27,3,2,0,2,0,2
413402,2025-06-25 04:33:53.064102,90.022,8,1743.413632,90.022,1,0xcaf00370,0,0,8,3714,11905,1,1,0,25,1,0,3,6,0,1,13,65,1
413935,2025-06-25 04:33:53.114175,50.073,8,1743.463705,50.073,1,0xcaf00370,0,0,8,3739,11930,2,1,0,6,1,0,30,3,2,0,2,0,3
414664,2025-06-25 04:33:53.184854,70.679,8,1743.534384,70.679,1,0xcaf00370,0,0,8,3778,11969,3,0,0,6,1,0,24,3,2,0,2,0,2
415120,2025-06-25 04:33:53.234493,49.639,8,1743.584023,49.639,1,0xcaf00370,0,0,8,3778,11969,0,1,0,26,1,0,6,5,0,0,3,191,1
415666,2025-06-25 04:33:53.285778,51.285,8,1743.635308,51.285,1,0xcaf00370,0,0,8,3811,12002,1,1,0,6,1,0,30,3,2,0,2,0,3
416137,2025-06-25 04:33:53.334293,48.515,8,1743.683823,48.515,1,0xcaf00370,0,0,8,3857,12048,2,0,0,6,1,0,27,3,2,0,2,2,2
416719,2025-06-25 04:33:53.385332,51.039,8,1743.734862,51.039,1,0xcaf00370,0,0,8,3857,12048,3,0,0,27,1,0,2,6,0,0,3,191,1
417183,2025-06-25 04:33:53.434590,49.258,8,1743.78412,49.258,1,0xcaf00370,0,0,8,3857,12048,0,1,0,53,1,0,1,6,0,1,13,82,1
417964,2025-06-25 04:33:53.504627,70.037,8,1743.854156,70.036,1,0xcaf00370,0,0,8,5015,5015,1,1,0,6,1,0,30,2,2,1,1,0,4
418379,2025-06-25 04:33:53.554107,49.480000000000004,8,1743.903637,49.481,1,0xcaf00370,0,0,8,5346,5346,2,1,0,6,1,0,30,2,2,1,1,0,5
419299,2025-06-25 04:33:53.644567,90.46,8,1743.994097,90.46,1,0xcaf00370,0,0,8,5356,5356,3,0,0,6,1,0,26,2,2,1,1,0,4
419823,2025-06-25 04:33:53.694869,50.302,8,1744.044399,50.302,1,0xcaf00370,0,0,8,5356,5356,0,1,0,15,1,0,4,3,0,1,10,6,1
420511,2025-06-25 04:33:53.764811,69.94200000000001,8,1744.114341,69.942,1,0xcaf00370,0,0,8,6828,6828,1,0,0,6,1,0,30,2,2,1,1,1,5
421040,2025-06-25 04:33:53.814237,49.425999999999995,8,1744.163767,49.426,1,0xcaf00370,0,0,8,6828,6828,2,1,0,16,1,0,0,3,0,0,10,120,0
422017,2025-06-25 04:33:53.904089,89.852,8,1744.253686,89.919,1,0xcaf00370,0,0,8,6944,6944,3,1,0,6,1,0,30,2,2,1,1,0,4
422485,2025-06-25 04:33:53.954569,50.48,8,1744.304166,50.48,1,0xcaf00370,0,0,8,7111,7111,0,0,0,6,1,0,30,2,2,1,1,0,5
423046,2025-06-25 04:33:54.004585,50.016,8,1744.354182,50.016,1,0xcaf00370,0,0,8,7111,7111,1,1,0,17,1,0,0,3,0,0,10,119,0
423528,2025-06-25 04:33:54.054777,50.192,8,1744.404374,50.192,1,0xcaf00370,0,0,8,7243,7243,2,1,0,6,1,0,30,2,2,1,1,253,4
424254,2025-06-25 04:33:54.124959,70.18199999999999,8,1744.474556,70.182,1,0xcaf00370,0,0,8,600,8791,3,0,0,6,1,0,26,2,2,1,1,0,3
424753,2025-06-25 04:33:54.174901,49.942,8,1744.524498,49.942,1,0xcaf00370,0,0,8,600,8791,0,1,0,22,1,0,4,2,0,1,9,8,2
425268,2025-06-25 04:33:54.224711,49.81,8,1744.574308,49.81,1,0xcaf00370,0,0,8,840,9031,1,0,0,6,1,0,26,3,2,1,1,0,1
425744,2025-06-25 04:33:54.274394,49.683,8,1744.623991,49.683,1,0xcaf00370,0,0,8,840,9031,2,1,0,23,1,0,4,2,0,1,9,248,2
426482,2025-06-25 04:33:54.344590,70.196,8,1744.694188,70.197,1,0xcaf00370,0,0,8,1100,9291,3,1,0,6,1,0,30,3,2,1,1,3,1
427021,2025-06-25 04:33:54.396667,52.077,8,1744.746264,52.076,1,0xcaf00370,0,0,8,1180,9371,0,1,0,6,1,0,30,3,2,1,1,253,1
427513,2025-06-25 04:33:54.445074,48.407,8,1744.794671,48.407,1,0xcaf00370,0,0,8,1367,9558,1,1,0,6,1,0,30,3,2,1,1,253,1
428021,2025-06-25 04:33:54.494715,49.641,8,1744.844312,49.641,1,0xcaf00370,0,0,8,1407,9598,2,1,0,6,1,0,30,3,2,1,1,253,1
428499,2025-06-25 04:33:54.545166,50.451,8,1744.894763,50.451,1,0xcaf00370,0,0,8,1422,9613,3,0,0,6,1,0,30,3,2,1,1,253,2
429046,2025-06-25 04:33:54.594652,49.486000000000004,8,1744.944249,49.486,1,0xcaf00370,0,0,8,1422,9613,0,1,0,28,1,0,0,3,0,0,9,119,0
429956,2025-06-25 04:33:54.684121,89.46900000000001,8,1745.033718,89.469,1,0xcaf00370,0,0,8,1630,9821,1,0,0,6,1,0,30,3,2,1,9,0,3
430452,2025-06-25 04:33:54.734418,50.297000000000004,8,1745.084016,50.298,1,0xcaf00370,0,0,8,1630,9821,2,1,0,29,1,0,0,3,0,0,9,114,0
431192,2025-06-25 04:33:54.804603,70.185,8,1745.1542,70.184,1,0xcaf00370,0,0,8,1749,9940,3,1,0,6,1,0,30,3,2,1,9,1,2
431658,2025-06-25 04:33:54.854482,49.879,8,1745.2041,49.9,1,0xcaf00370,0,0,8,1828,10019,0,1,0,6,1,0,30,3,2,1,9,0,3
432405,2025-06-25 04:33:54.924725,70.243,8,1745.274343,70.243,1,0xcaf00370,0,0,8,2022,10213,1,0,0,6,1,0,16,3,2,1,2,1,1
432888,2025-06-25 04:33:54.974892,50.167,8,1745.32451,50.167,1,0xcaf00370,0,0,8,2022,10213,2,0,0,30,1,0,14,3,0,1,2,64,2
433652,2025-06-25 04:33:55.044619,69.727,8,1745.394237,69.727,1,0xcaf00370,0,0,8,2022,10213,3,1,0,31,1,0,0,3,0,0,2,191,0
434174,2025-06-25 04:33:55.094996,50.376999999999995,8,1745.444615,50.378,1,0xcaf00370,0,0,8,2035,10226,0,0,0,6,1,0,21,3,2,0,2,191,1
434873,2025-06-25 04:33:55.164606,69.61,8,1745.514224,69.609,1,0xcaf00370,0,0,8,2035,10226,1,0,0,32,1,0,9,4,0,0,2,243,1
435378,2025-06-25 04:33:55.214554,49.948,8,1745.564172,49.948,1,0xcaf00370,0,0,8,2035,10226,2,1,0,33,1,0,0,3,0,0,2,64,0
436337,2025-06-25 04:33:55.304445,89.891,8,1745.654063,89.891,1,0xcaf00370,0,0,8,2046,10237,3,0,0,6,1,0,30,3,2,0,2,0,2
436791,2025-06-25 04:33:55.354522,50.077000000000005,8,1745.70414,50.077,1,0xcaf00370,0,0,8,2046,10237,0,0,0,34,1,0,0,4,0,0,2,73,0
437364,2025-06-25 04:33:55.405040,50.518,8,1745.754658,50.518,1,0xcaf00370,0,0,8,2046,10237,1,1,0,35,1,0,0,3,0,1,2,193,1
437835,2025-06-25 04:33:55.454918,49.878,8,1745.804536,49.878,1,0xcaf00370,0,0,8,2094,10285,2,0,0,6,1,0,27,3,2,0,2,0,2
438423,2025-06-25 04:33:55.504621,49.702999999999996,8,1745.854239,49.703,1,0xcaf00370,0,0,8,2094,10285,3,1,0,36,1,0,3,6,0,1,13,66,1
438847,2025-06-25 04:33:55.554554,49.933,8,1745.904172,49.933,1,0xcaf00370,0,0,8,2140,10331,0,0,0,6,1,0,27,3,2,0,2,253,2
439776,2025-06-25 04:33:55.644857,90.303,8,1745.994475,90.303,1,0xcaf00370,0,0,8,2140,10331,1,1,0,37,1,0,3,6,0,1,13,64,1
440295,2025-06-25 04:33:55.694501,49.644,8,1746.044119,49.644,1,0xcaf00370,0,0,8,2147,10338,2,1,0,6,1,0,30,3,2,0,2,0,3
440977,2025-06-25 04:33:55.764487,69.986,8,1746.114105,69.986,1,0xcaf00370,0,0,8,2192,10383,3,0,0,6,1,0,22,3,2,0,2,1,2
441519,2025-06-25 04:33:55.814123,49.636,8,1746.163741,49.636,1,0xcaf00370,0,0,8,2192,10383,0,1,0,38,1,0,8,3,0,0,3,192,1
442202,2025-06-25 04:33:55.884560,70.437,8,1746.234102,70.361,1,0xcaf00370,0,0,8,2203,10394,1,0,0,6,1,0,27,3,2,0,2,0,2
442747,2025-06-25 04:33:55.934174,49.614,8,1746.283717,49.615,1,0xcaf00370,0,0,8,2203,10394,2,1,0,39,1,0,3,6,0,1,13,64,1
443496,2025-06-25 04:33:56.004741,70.56700000000001,8,1746.354284,70.567,1,0xcaf00370,0,0,8,2217,10408,3,0,0,6,1,0,27,3,2,0,2,0,2
444008,2025-06-25 04:33:56.055044,50.303,8,1746.404587,50.303,1,0xcaf00370,0,0,8,2217,10408,0,1,0,40,1,0,3,6,0,1,13,50,1
444542,2025-06-25 04:33:56.104737,49.693,8,1746.45428,49.693,1,0xcaf00370,0,0,8,2252,10443,1,0,0,6,1,0,27,3,2,0,2,0,2
445014,2025-06-25 04:33:56.154613,49.876,8,1746.504155,49.875,1,0xcaf00370,0,0,8,2252,10443,2,1,0,41,1,0,3,6,0,1,13,67,1
445776,2025-06-25 04:33:56.225260,70.647,8,1746.574803,70.648,1,0xcaf00370,0,0,8,2279,10470,3,0,0,6,1,0,27,3,2,0,2,0,2
446266,2025-06-25 04:33:56.274918,49.658,8,1746.624461,49.658,1,0xcaf00370,0,0,8,2279,10470,0,1,0,42,1,0,3,6,0,1,13,66,1
446989,2025-06-25 04:33:56.344837,69.919,8,1746.69438,69.919,1,0xcaf00370,0,0,8,2294,10485,1,0,0,6,1,0,27,3,2,0,2,253,2
447517,2025-06-25 04:33:56.396730,51.893,8,1746.746273,51.893,1,0xcaf00370,0,0,8,2294,10485,2,1,0,43,1,0,3,6,0,1,13,64,1
448184,2025-06-25 04:33:56.464834,68.104,8,1746.814377,68.104,1,0xcaf00370,0,0,8,2311,10502,3,0,0,6,1,0,27,3,2,0,2,1,3
448714,2025-06-25 04:33:56.514461,49.626999999999995,8,1746.864004,49.627,1,0xcaf00370,0,0,8,2311,10502,0,1,0,44,1,0,3,6,0,1,13,68,1
449396,2025-06-25 04:33:56.584879,70.41799999999999,8,1746.934422,70.418,1,0xcaf00370,0,0,8,2367,10558,1,0,0,6,1,0,24,3,2,0,2,0,2
449937,2025-06-25 04:33:56.634448,49.569,8,1746.983991,49.569,1,0xcaf00370,0,0,8,2367,10558,2,1,0,45,1,0,6,5,0,0,3,191,1
450453,2025-06-25 04:33:56.685223,50.775,8,1747.034766,50.775,1,0xcaf00370,0,0,8,2446,10637,3,0,0,6,1,0,30,3,2,0,2,253,2
450946,2025-06-25 04:33:56.734608,49.385,8,1747.08415,49.384,1,0xcaf00370,0,0,8,2446,10637,0,0,0,46,1,0,31,7,0,0,3,254,15
451698,2025-06-25 04:33:56.804811,70.203,8,1747.154354,70.204,1,0xcaf00370,0,0,8,2446,10637,1,1,0,47,1,0,0,5,0,0,3,191,1
452189,2025-06-25 04:33:56.854562,49.751,8,1747.204422,50.068,1,0xcaf00370,0,0,8,2479,10670,2,0,0,6,1,0,27,3,2,0,2,1,2
453114,2025-06-25 04:33:56.944385,89.823,8,1747.294245,89.823,1,0xcaf00370,0,0,8,2479,10670,3,1,0,48,1,0,3,6,0,0,3,64,1
453656,2025-06-25 04:33:56.994313,49.928,8,1747.344173,49.928,1,0xcaf00370,0,0,8,2545,10736,0,0,0,6,1,0,27,3,2,0,2,1,2
454212,2025-06-25 04:33:57.044652,50.339,8,1747.394512,50.339,1,0xcaf00370,0,0,8,2545,10736,1,1,0,49,1,0,3,5,0,0,3,65,1
454707,2025-06-25 04:33:57.095116,50.464,8,1747.444975,50.463,1,0xcaf00370,0,0,8,2603,10794,2,0,0,6,1,0,27,3,2,0,2,0,2
455236,2025-06-25 04:33:57.144657,49.541000000000004,8,1747.494517,49.542,1,0xcaf00370,0,0,8,2603,10794,3,1,0,50,1,0,3,5,0,0,3,63,1
455727,2025-06-25 04:33:57.194378,49.721000000000004,8,1747.544238,49.721,1,0xcaf00370,0,0,8,2621,10812,0,1,0,6,1,0,30,3,2,0,2,0,3
456625,2025-06-25 04:33:57.284894,90.516,8,1747.634754,90.516,1,0xcaf00370,0,0,8,2657,10848,1,0,0,6,1,0,22,3,2,0,2,1,2
457097,2025-06-25 04:33:57.334375,49.480999999999995,8,1747.684234,49.48,1,0xcaf00370,0,0,8,2657,10848,2,1,0,51,1,0,8,3,0,0,3,193,1
457649,2025-06-25 04:33:57.384929,50.554,8,1747.734788,50.554,1,0xcaf00370,0,0,8,2809,11000,3,1,0,6,1,0,30,3,2,0,2,0,3
458184,2025-06-25 04:33:57.434500,49.571,8,1747.784359,49.571,1,0xcaf00370,0,0,8,2852,11043,0,0,0,6,1,0,24,3,2,0,2,0,2
458907,2025-06-25 04:33:57.505123,70.623,8,1747.854983,70.624,1,0xcaf00370,0,0,8,2852,11043,1,1,0,52,1,0,6,5,0,0,3,191,1
459377,2025-06-25 04:33:57.553704,48.580999999999996,8,1747.903564,48.581,1,0xcaf00370,0,0,8,2862,11053,2,0,0,6,1,0,27,3,2,0,2,0,2
460323,2025-06-25 04:33:57.645019,91.315,8,1747.994879,91.315,1,0xcaf00370,0,0,8,2862,11053,3,1,0,54,1,0,3,6,0,1,13,62,1
460845,2025-06-25 04:33:57.694466,49.446999999999996,8,1748.044326,49.447,1,0xcaf00370,0,0,8,2914,11105,0,0,0,6,1,0,27,3,2,0,2,0,2
461355,2025-06-25 04:33:57.744886,50.42,8,1748.094746,50.42,1,0xcaf00370,0,0,8,2914,11105,1,1,0,55,1,0,3,6,0,1,13,61,1
461876,2025-06-25 04:33:57.794417,49.531,8,1748.144276,49.53,1,0xcaf00370,0,0,8,2938,11129,2,1,0,6,1,0,30,3,2,0,2,0,3
462568,2025-06-25 04:33:57.864788,70.37100000000001,8,1748.214669,70.393,1,0xcaf00370,0,0,8,2975,11166,3,1,0,6,1,0,30,3,2,0,2,1,4
463114,2025-06-25 04:33:57.914077,49.289,8,1748.263958,49.289,1,0xcaf00370,0,0,8,2990,11181,0,0,0,6,1,0,27,3,2,0,2,0,4
463818,2025-06-25 04:33:57.984696,70.619,8,1748.334577,70.619,1,0xcaf00370,0,0,8,2990,11181,1,1,0,56,1,0,3,6,0,1,13,64,1
464399,2025-06-25 04:33:58.034387,49.691,8,1748.384268,49.691,1,0xcaf00370,0,0,8,3003,11194,2,0,0,6,1,0,27,3,2,0,2,253,4
465160,2025-06-25 04:33:58.104714,70.327,8,1748.454595,70.327,1,0xcaf00370,0,0,8,3003,11194,3,1,0,57,1,0,3,6,0,1,13,60,1
465648,2025-06-25 04:33:58.154416,49.702000000000005,8,1748.504297,49.702,1,0xcaf00370,0,0,8,3056,11247,0,0,0,6,1,0,24,3,2,0,2,253,2
466348,2025-06-25 04:33:58.224911,70.495,8,1748.574792,70.495,1,0xcaf00370,0,0,8,3056,11247,1,0,0,58,1,0,6,4,0,0,3,193,1
466840,2025-06-25 04:33:58.274381,49.47,8,1748.624262,49.47,1,0xcaf00370,0,0,8,3056,11247,2,1,0,59,1,0,31,7,0,0,3,254,15
467345,2025-06-25 04:33:58.325951,51.57,8,1748.675831,51.569,1,0xcaf00370,0,0,8,3108,11299,3,0,0,6,1,0,27,3,2,0,2,251,2
467842,2025-06-25 04:33:58.374844,48.893,8,1748.724725,48.894,1,0xcaf00370,0,0,8,3108,11299,0,1,0,60,1,0,3,6,0,1,13,63,1
468752,2025-06-25 04:33:58.464437,89.593,8,1748.814318,89.593,1,0xcaf00370,0,0,8,3135,11326,1,1,0,6,1,0,30,3,2,0,2,253,3
469286,2025-06-25 04:33:58.514412,49.975,8,1748.864293,49.975,1,0xcaf00370,0,0,8,3165,11356,2,0,0,6,1,0,22,3,2,0,2,1,2
469745,2025-06-25 04:33:58.564738,50.326,8,1748.914618,50.325,1,0xcaf00370,0,0,8,3165,11356,3,0,0,61,1,0,6,5,0,0,3,192,1
470308,2025-06-25 04:33:58.614185,49.446999999999996,8,1748.964066,49.448,1,0xcaf00370,0,0,8,3165,11356,0,1,0,62,1,0,2,5,0,0,3,65,1
470977,2025-06-25 04:33:58.684840,70.655,8,1749.034721,70.655,1,0xcaf00370,0,0,8,3242,11433,1,1,0,6,1,0,30,3,2,0,2,0,3
471486,2025-06-25 04:33:58.734199,49.359,8,1749.084079,49.358,1,0xcaf00370,0,0,8,3277,11468,2,0,0,6,1,0,24,3,2,0,2,0,2
472398,2025-06-25 04:33:58.824250,90.051,8,1749.17413,90.051,1,0xcaf00370,0,0,8,3277,11468,3,1,0,63,1,0,6,6,0,0,3,190,1
472904,2025-06-25 04:33:58.874489,50.239,8,1749.224325,50.195,1,0xcaf00370,0,0,8,3289,11480,0,0,0,6,1,0,27,3,2,0,2,0,2
473412,2025-06-25 04:33:58.924761,50.272,8,1749.274597,50.272,1,0xcaf00370,0,0,8,3289,11480,1,1,0,9,1,0,3,6,0,0,3,64,1
473922,2025-06-25 04:33:58.974252,49.491,8,1749.324088,49.491,1,0xcaf00370,0,0,8,3385,11576,2,0,0,6,1,0,27,3,2,0,2,0,2
474489,2025-06-25 04:33:59.024757,50.505,8,1749.374593,50.505,1,0xcaf00370,0,0,8,3385,11576,3,1,0,10,1,0,3,5,0,0,3,62,1
474948,2025-06-25 04:33:59.074256,49.499,8,1749.424092,49.499,1,0xcaf00370,0,0,8,3405,11596,0,1,0,6,1,0,30,3,2,0,2,253,3
475725,2025-06-25 04:33:59.144626,70.37,8,1749.494462,70.37,1,0xcaf00370,0,0,8,3437,11628,1,0,0,6,1,0,23,3,2,0,2,1,2
476185,2025-06-25 04:33:59.194421,49.795,8,1749.544257,49.795,1,0xcaf00370,0,0,8,3437,11628,2,0,0,11,1,0,6,5,0,0,3,191,1
476921,2025-06-25 04:33:59.265247,70.826,8,1749.615083,70.826,1,0xcaf00370,0,0,8,3437,11628,3,1,0,12,1,0,1,6,0,0,3,55,1
477405,2025-06-25 04:33:59.314307,49.06,8,1749.664143,49.06,1,0xcaf00370,0,0,8,3517,11708,0,0,0,6,1,0,27,3,2,0,2,0,2
478137,2025-06-25 04:33:59.384794,70.487,8,1749.73463,70.487,1,0xcaf00370,0,0,8,3517,11708,1,1,0,13,1,0,3,6,0,1,13,63,1
478666,2025-06-25 04:33:59.436746,51.952,8,1749.786582,51.952,1,0xcaf00370,0,0,8,3557,11748,2,0,0,6,1,0,27,3,2,0,2,253,2
479395,2025-06-25 04:33:59.504767,68.021,8,1749.854603,68.021,1,0xcaf00370,0,0,8,3557,11748,3,1,0,14,1,0,3,6,0,1,13,62,1
479852,2025-06-25 04:33:59.554497,49.730000000000004,8,1749.904333,49.73,1,0xcaf00370,0,0,8,3591,11782,0,0,0,6,1,0,27,3,2,0,2,0,2
480604,2025-06-25 04:33:59.625952,71.455,8,1749.975788,71.455,1,0xcaf00370,0,0,8,3591,11782,1,1,0,18,1,0,3,6,0,1,13,64,1
481053,2025-06-25 04:33:59.674276,48.324,8,1750.024112,48.324,1,0xcaf00370,0,0,8,3607,11798,2,0,0,6,1,0,27,3,2,0,2,253,2
482191,2025-06-25 04:33:59.784546,110.27000000000001,8,1750.134382,110.27,1,0xcaf00370,0,0,8,3607,11798,3,1,0,19,1,0,3,6,0,1,13,54,1
482706,2025-06-25 04:33:59.834533,49.986999999999995,8,1750.184369,49.987,1,0xcaf00370,0,0,8,3624,11815,0,0,0,6,1,0,27,3,2,0,2,1,2
483224,2025-06-25 04:33:59.884742,50.208999999999996,8,1750.234603,50.234,1,0xcaf00370,0,0,8,3624,11815,1,1,0,20,1,0,3,6,0,1,13,72,1
483762,2025-06-25 04:33:59.934494,49.751999999999995,8,1750.284355,49.752,1,0xcaf00370,0,0,8,3630,11821,2,1,0,6,1,0,30,3,2,0,2,0,3
484302,2025-06-25 04:33:59.984907,50.413,8,1750.334768,50.413,1,0xcaf00370,0,0,8,3667,11858,3,0,0,6,1,0,23,3,2,0,2,0,2
484792,2025-06-25 04:34:00.034088,49.181000000000004,8,1750.38395,49.182,1,0xcaf00370,0,0,8,3667,11858,0,0,0,21,1,0,6,5,0,0,3,191,1
485579,2025-06-25 04:34:00.105306,71.218,8,1750.455167,71.217,1,0xcaf00370,0,0,8,3667,11858,1,1,0,24,1,0,1,5,0,0,3,62,1
486027,2025-06-25 04:34:00.154291,48.985,8,1750.504152,48.985,1,0xcaf00370,0,0,8,3714,11905,2,0,0,6,1,0,27,3,2,0,2,0,2
486753,2025-06-25 04:34:00.224769,70.478,8,1750.57463,70.478,1,0xcaf00370,0,0,8,3714,11905,3,1,0,25,1,0,3,6,0,1,13,65,1
487226,2025-06-25 04:34:00.274285,49.516,8,1750.624146,49.516,1,0xcaf00370,0,0,8,3739,11930,0,1,0,6,1,0,30,3,2,0,2,0,3
487979,2025-06-25 04:34:00.345501,71.21600000000001,8,1750.695362,71.216,1,0xcaf00370,0,0,8,3778,11969,1,0,0,6,1,0,24,3,2,0,2,0,2
488511,2025-06-25 04:34:00.394306,48.805,8,1750.744167,48.805,1,0xcaf00370,0,0,8,3778,11969,2,1,0,26,1,0,6,5,0,0,3,191,1
489349,2025-06-25 04:34:00.485014,90.708,8,1750.834876,90.709,1,0xcaf00370,0,0,8,3811,12002,3,1,0,6,1,0,30,3,2,0,2,0,3
489861,2025-06-25 04:34:00.534298,49.284,8,1750.88416,49.284,1,0xcaf00370,0,0,8,3857,12048,0,0,0,6,1,0,27,3,2,0,2,2,2
490827,2025-06-25 04:34:00.624431,90.13300000000001,8,1750.974293,90.133,1,0xcaf00370,0,0,8,3857,12048,1,0,0,27,1,0,2,6,0,0,3,191,1
