logIndex,logTime,¦¤logTime[ms],length,timeStamp[s],¦¤timeStamp[ms],seq,ID,msgcnt,¦¤msgcnt,Path Index,Offset,Offset(Adj),Cyclic Counter,Last Stub at Offset,Rerouting Flag,Sub-path Index,Retransmission,Update,Relative Probability,Functional Road Class,Part of Calculated route,Expressway Flag,Form of Way,Turn angle,Number of Lanes in driving direction
1307,2025-01-31 03:45:41.989171,0.0,8,2519.973901,0.0,7,0xcaf00370,0,0,8,4550,4550,1,1,0,6,1,0,30,1,2,1,1,0,2
1308,2025-01-31 03:45:41.989188,0.017,8,2519.973918,0.017,1,0xcaf00370,0,0,8,4550,4550,1,1,0,6,1,0,30,1,2,1,1,0,2
3200,2025-01-31 03:45:42.048966,59.778,8,2520.033696,59.778,7,0xcaf00370,0,0,8,4672,4672,2,1,0,6,1,0,30,1,2,1,1,1,2
3203,2025-01-31 03:45:42.048985,0.019,8,2520.033714,0.018,1,0xcaf00370,0,0,8,4672,4672,2,1,0,6,1,0,30,1,2,1,1,1,2
4850,2025-01-31 03:45:42.098099,49.114,8,2520.082829,49.115,7,0xcaf00370,0,0,8,4818,4818,3,1,0,6,1,0,30,1,2,1,1,0,2
4851,2025-01-31 03:45:42.098120,0.020999999999999998,8,2520.08285,0.021,1,0xcaf00370,0,0,8,4818,4818,3,1,0,6,1,0,30,1,2,1,1,0,2
6518,2025-01-31 03:45:42.149180,51.06,8,2520.13391,51.06,7,0xcaf00370,0,0,8,5038,5038,0,0,0,6,1,0,28,1,2,1,1,0,2
6519,2025-01-31 03:45:42.149206,0.026,8,2520.133935,0.025,1,0xcaf00370,0,0,8,5038,5038,0,0,0,6,1,0,28,1,2,1,1,0,2
8158,2025-01-31 03:45:42.198310,49.104,8,2520.183039,49.104,7,0xcaf00370,0,0,8,5038,5038,1,1,0,31,1,0,2,1,0,1,6,248,1
8160,2025-01-31 03:45:42.198333,0.023,8,2520.183063,0.024,1,0xcaf00370,0,0,8,5038,5038,1,1,0,31,1,0,2,1,0,1,6,248,1
10589,2025-01-31 03:45:42.269069,70.73599999999999,8,2520.253799,70.736,7,0xcaf00370,0,0,8,6689,6689,2,0,0,6,1,0,30,1,2,1,1,0,2
10590,2025-01-31 03:45:42.269109,0.04,8,2520.253839,0.04,1,0xcaf00370,0,0,8,6689,6689,2,0,0,6,1,0,30,1,2,1,1,0,2
12200,2025-01-31 03:45:42.318275,49.166000000000004,8,2520.303005,49.166,7,0xcaf00370,0,0,8,6689,6689,3,1,0,32,1,0,0,1,0,0,6,132,0
12204,2025-01-31 03:45:42.318322,0.047,8,2520.303052,0.047,1,0xcaf00370,0,0,8,6689,6689,3,1,0,32,1,0,0,1,0,0,6,132,0
13879,2025-01-31 03:45:42.369307,50.985,8,2520.354037,50.985,7,0xcaf00370,0,0,8,6913,6913,0,1,0,6,1,0,30,1,2,1,1,250,2
13880,2025-01-31 03:45:42.369359,0.052,8,2520.354088,0.051,1,0xcaf00370,0,0,8,6913,6913,0,1,0,6,1,0,30,1,2,1,1,250,2
15589,2025-01-31 03:45:42.418208,48.849,8,2520.402938,48.85,7,0xcaf00370,0,0,8,7095,7095,1,1,0,6,1,0,30,1,2,1,1,253,2
15593,2025-01-31 03:45:42.418267,0.059,8,2520.402996,0.058,1,0xcaf00370,0,0,8,7095,7095,1,1,0,6,1,0,30,1,2,1,1,253,2
17739,2025-01-31 03:45:42.482823,64.556,8,2520.467552,64.556,1,0xcaf00370,0,0,8,2034,2034,2,0,0,6,1,0,25,1,2,1,1,1,2
17743,2025-01-31 03:45:42.482887,0.064,8,2520.467617,0.065,7,0xcaf00370,0,0,8,2034,2034,2,0,0,6,1,0,25,1,2,1,1,1,2
19321,2025-01-31 03:45:42.529135,46.248,8,2520.513865,46.248,7,0xcaf00370,0,0,8,2034,2034,3,1,0,29,1,0,5,2,0,1,9,250,1
19324,2025-01-31 03:45:42.529237,0.102,8,2520.513966,0.101,1,0xcaf00370,0,0,8,2034,2034,3,1,0,29,1,0,5,2,0,1,9,250,1
21210,2025-01-31 03:45:42.587461,58.224,8,2520.572191,58.225,1,0xcaf00370,0,0,8,2331,2331,0,1,0,6,1,0,30,1,2,1,1,251,2
21292,2025-01-31 03:45:42.588799,1.338,8,2520.573528,1.337,7,0xcaf00370,0,0,8,2331,2331,0,1,0,6,1,0,30,1,2,1,1,251,2
22806,2025-01-31 03:45:42.638099,49.3,8,2520.622829,49.301,1,0xcaf00370,0,0,8,2387,2387,1,1,0,6,1,0,30,1,2,1,1,253,2
22808,2025-01-31 03:45:42.638110,0.011,8,2520.622839,0.01,7,0xcaf00370,0,0,8,2387,2387,1,1,0,6,1,0,30,1,2,1,1,253,2
25514,2025-01-31 03:45:42.718437,80.327,8,2520.703166,80.327,7,0xcaf00370,0,0,8,2445,2445,2,0,0,6,1,0,30,1,2,1,1,253,2
25520,2025-01-31 03:45:42.718535,0.098,8,2520.703264,0.098,1,0xcaf00370,0,0,8,2445,2445,2,0,0,6,1,0,30,1,2,1,1,253,2
27226,2025-01-31 03:45:42.769235,50.7,8,2520.753964,50.7,7,0xcaf00370,0,0,8,2445,2445,3,1,0,30,1,0,0,2,0,0,9,133,0
27229,2025-01-31 03:45:42.769340,0.10500000000000001,8,2520.75407,0.106,1,0xcaf00370,0,0,8,2445,2445,3,1,0,30,1,0,0,2,0,0,9,133,0
28799,2025-01-31 03:45:42.817474,48.134,8,2520.802204,48.134,1,0xcaf00370,0,0,8,2704,2704,0,1,0,6,1,0,30,1,2,1,1,0,2
28837,2025-01-31 03:45:42.818205,0.731,8,2520.802935,0.731,7,0xcaf00370,0,0,8,2704,2704,0,1,0,6,1,0,30,1,2,1,1,0,2
30553,2025-01-31 03:45:42.869157,50.952,8,2520.853886,50.951,7,0xcaf00370,0,0,8,3064,3064,1,1,0,6,1,0,30,1,2,1,1,0,2
30557,2025-01-31 03:45:42.869222,0.06499999999999999,8,2520.853951,0.065,1,0xcaf00370,0,0,8,3064,3064,1,1,0,6,1,0,30,1,2,1,1,0,2
32156,2025-01-31 03:45:42.918580,49.358,8,2520.90331,49.359,1,0xcaf00370,0,0,8,3222,3222,2,1,0,6,1,0,30,1,2,1,1,0,2
32159,2025-01-31 03:45:42.918630,0.05,8,2520.90336,0.05,7,0xcaf00370,0,0,8,3222,3222,2,1,0,6,1,0,30,1,2,1,1,0,2
33904,2025-01-31 03:45:42.969283,50.653,8,2520.954013,50.653,7,0xcaf00370,0,0,8,4550,4550,3,1,0,6,1,0,30,1,2,1,1,0,2
33909,2025-01-31 03:45:42.969414,0.131,8,2520.954143,0.13,1,0xcaf00370,0,0,8,4550,4550,3,1,0,6,1,0,30,1,2,1,1,0,2
36161,2025-01-31 03:45:43.038047,68.633,8,2521.022777,68.634,1,0xcaf00370,0,0,8,4672,4672,0,1,0,6,1,0,30,1,2,1,1,1,2
36170,2025-01-31 03:45:43.038202,0.155,8,2521.022932,0.155,7,0xcaf00370,0,0,8,4672,4672,0,1,0,6,1,0,30,1,2,1,1,1,2
37925,2025-01-31 03:45:43.088991,50.789,8,2521.073721,50.789,1,0xcaf00370,0,0,8,4818,4818,1,1,0,6,1,0,30,1,2,1,1,0,2
37929,2025-01-31 03:45:43.089068,0.077,8,2521.073798,0.077,7,0xcaf00370,0,0,8,4818,4818,1,1,0,6,1,0,30,1,2,1,1,0,2
39815,2025-01-31 03:45:43.149071,60.003,8,2521.1338,60.002,7,0xcaf00370,0,0,8,5038,5038,2,0,0,6,1,0,28,1,2,1,1,0,2
39830,2025-01-31 03:45:43.149275,0.204,8,2521.134005,0.205,1,0xcaf00370,0,0,8,5038,5038,2,0,0,6,1,0,28,1,2,1,1,0,2
41446,2025-01-31 03:45:43.197831,48.556000000000004,8,2521.18256,48.555,1,0xcaf00370,0,0,8,5038,5038,3,1,0,31,1,0,2,1,0,1,6,248,1
41479,2025-01-31 03:45:43.198460,0.629,8,2521.183189,0.629,7,0xcaf00370,0,0,8,5038,5038,3,1,0,31,1,0,2,1,0,1,6,248,1
43187,2025-01-31 03:45:43.248862,50.402,8,2521.233591,50.402,1,0xcaf00370,0,0,8,6689,6689,0,0,0,6,1,0,30,1,2,1,1,0,2
43198,2025-01-31 03:45:43.249072,0.21000000000000002,8,2521.233801,0.21,7,0xcaf00370,0,0,8,6689,6689,0,0,0,6,1,0,30,1,2,1,1,0,2
44813,2025-01-31 03:45:43.298199,49.126999999999995,8,2521.282928,49.127,7,0xcaf00370,0,0,8,6689,6689,1,1,0,32,1,0,0,1,0,0,6,132,0
44822,2025-01-31 03:45:43.298418,0.219,8,2521.283147,0.219,1,0xcaf00370,0,0,8,6689,6689,1,1,0,32,1,0,0,1,0,0,6,132,0
46814,2025-01-31 03:45:43.359015,60.597,8,2521.343744,60.597,7,0xcaf00370,0,0,8,6913,6913,2,1,0,6,1,0,30,1,2,1,1,250,2
46817,2025-01-31 03:45:43.359066,0.051,8,2521.343795,0.051,1,0xcaf00370,0,0,8,6913,6913,2,1,0,6,1,0,30,1,2,1,1,250,2
48570,2025-01-31 03:45:43.409481,50.415,8,2521.39421,50.415,7,0xcaf00370,0,0,8,7095,7095,3,1,0,6,1,0,30,1,2,1,1,253,2
48572,2025-01-31 03:45:43.409528,0.047,8,2521.394257,0.047,1,0xcaf00370,0,0,8,7095,7095,3,1,0,6,1,0,30,1,2,1,1,253,2
50556,2025-01-31 03:45:43.468967,59.439,8,2521.453697,59.44,1,0xcaf00370,0,0,8,2034,2034,0,0,0,6,1,0,25,1,2,1,1,1,2
50564,2025-01-31 03:45:43.469115,0.148,8,2521.453844,0.147,7,0xcaf00370,0,0,8,2034,2034,0,0,0,6,1,0,25,1,2,1,1,1,2
52145,2025-01-31 03:45:43.517973,48.858,8,2521.502702,48.858,7,0xcaf00370,0,0,8,2034,2034,1,1,0,29,1,0,5,2,0,1,9,250,1
52153,2025-01-31 03:45:43.518129,0.156,8,2521.502858,0.156,1,0xcaf00370,0,0,8,2034,2034,1,1,0,29,1,0,5,2,0,1,9,250,1
54161,2025-01-31 03:45:43.578595,60.466,8,2521.563325,60.467,7,0xcaf00370,0,0,8,2331,2331,2,1,0,6,1,0,30,1,2,1,1,251,2
54201,2025-01-31 03:45:43.579271,0.6759999999999999,8,2521.564001,0.676,1,0xcaf00370,0,0,8,2331,2331,2,1,0,6,1,0,30,1,2,1,1,251,2
55848,2025-01-31 03:45:43.628631,49.36,8,2521.61336,49.359,1,0xcaf00370,0,0,8,2387,2387,3,1,0,6,1,0,30,1,2,1,1,253,2
55860,2025-01-31 03:45:43.628788,0.157,8,2521.613518,0.158,7,0xcaf00370,0,0,8,2387,2387,3,1,0,6,1,0,30,1,2,1,1,253,2
57853,2025-01-31 03:45:43.688935,60.147,8,2521.673664,60.146,7,0xcaf00370,0,0,8,2445,2445,0,0,0,6,1,0,30,1,2,1,1,253,2
57877,2025-01-31 03:45:43.689407,0.472,8,2521.674136,0.472,1,0xcaf00370,0,0,8,2445,2445,0,0,0,6,1,0,30,1,2,1,1,253,2
59488,2025-01-31 03:45:43.738290,48.883,8,2521.723019,48.883,7,0xcaf00370,0,0,8,2445,2445,1,1,0,30,1,0,0,2,0,0,9,133,0
59496,2025-01-31 03:45:43.738432,0.14200000000000002,8,2521.723162,0.143,1,0xcaf00370,0,0,8,2445,2445,1,1,0,30,1,0,0,2,0,0,9,133,0
61484,2025-01-31 03:45:43.798503,60.071,8,2521.783233,60.071,7,0xcaf00370,0,0,8,2704,2704,2,1,0,6,1,0,30,1,2,1,1,0,2
61491,2025-01-31 03:45:43.798626,0.12300000000000001,8,2521.783355,0.122,1,0xcaf00370,0,0,8,2704,2704,2,1,0,6,1,0,30,1,2,1,1,0,2
63138,2025-01-31 03:45:43.848650,50.024,8,2521.83338,50.025,1,0xcaf00370,0,0,8,3064,3064,3,1,0,6,1,0,30,1,2,1,1,0,2
63169,2025-01-31 03:45:43.849233,0.583,8,2521.833962,0.582,7,0xcaf00370,0,0,8,3064,3064,3,1,0,6,1,0,30,1,2,1,1,0,2
65186,2025-01-31 03:45:43.909356,60.123000000000005,8,2521.894086,60.124,7,0xcaf00370,0,0,8,3222,3222,0,1,0,6,1,0,30,1,2,1,1,0,2
65200,2025-01-31 03:45:43.909731,0.375,8,2521.894461,0.375,1,0xcaf00370,0,0,8,3222,3222,0,1,0,6,1,0,30,1,2,1,1,0,2
66784,2025-01-31 03:45:43.958686,48.955,8,2521.943415,48.954,7,0xcaf00370,0,0,8,4550,4550,1,1,0,6,1,0,30,1,2,1,1,0,2
66788,2025-01-31 03:45:43.958807,0.121,8,2521.943537,0.122,1,0xcaf00370,0,0,8,4550,4550,1,1,0,6,1,0,30,1,2,1,1,0,2
68836,2025-01-31 03:45:44.018444,59.637,8,2522.003173,59.636,1,0xcaf00370,0,0,8,4672,4672,2,1,0,6,1,0,30,1,2,1,1,1,2
68837,2025-01-31 03:45:44.018464,0.02,8,2522.003194,0.021,7,0xcaf00370,0,0,8,4672,4672,2,1,0,6,1,0,30,1,2,1,1,1,2
70513,2025-01-31 03:45:44.068816,50.352000000000004,8,2522.053545,50.351,7,0xcaf00370,0,0,8,4818,4818,3,1,0,6,1,0,30,1,2,1,1,0,2
70519,2025-01-31 03:45:44.068951,0.135,8,2522.053681,0.136,1,0xcaf00370,0,0,8,4818,4818,3,1,0,6,1,0,30,1,2,1,1,0,2
72549,2025-01-31 03:45:44.128970,60.019000000000005,8,2522.113699,60.018,1,0xcaf00370,0,0,8,5038,5038,0,0,0,6,1,0,28,1,2,1,1,0,2
72560,2025-01-31 03:45:44.129166,0.196,8,2522.113895,0.196,7,0xcaf00370,0,0,8,5038,5038,0,0,0,6,1,0,28,1,2,1,1,0,2
74139,2025-01-31 03:45:44.178831,49.665,8,2522.16356,49.665,7,0xcaf00370,0,0,8,5038,5038,1,1,0,31,1,0,2,1,0,1,6,248,1
74144,2025-01-31 03:45:44.178954,0.12300000000000001,8,2522.163683,0.123,1,0xcaf00370,0,0,8,5038,5038,1,1,0,31,1,0,2,1,0,1,6,248,1
75940,2025-01-31 03:45:44.229767,50.812999999999995,8,2522.214497,50.814,7,0xcaf00370,0,0,8,6689,6689,2,0,0,6,1,0,30,1,2,1,1,0,2
75953,2025-01-31 03:45:44.230112,0.345,8,2522.214842,0.345,1,0xcaf00370,0,0,8,6689,6689,2,0,0,6,1,0,30,1,2,1,1,0,2
77493,2025-01-31 03:45:44.278172,48.059999999999995,8,2522.262902,48.06,1,0xcaf00370,0,0,8,6689,6689,3,1,0,32,1,0,0,1,0,0,6,132,0
77496,2025-01-31 03:45:44.278259,0.087,8,2522.262988,0.086,7,0xcaf00370,0,0,8,6689,6689,3,1,0,32,1,0,0,1,0,0,6,132,0
79854,2025-01-31 03:45:44.349138,70.87899999999999,8,2522.333867,70.879,7,0xcaf00370,0,0,8,6913,6913,0,1,0,6,1,0,30,1,2,1,1,250,2
79858,2025-01-31 03:45:44.349231,0.093,8,2522.33396,0.093,1,0xcaf00370,0,0,8,6913,6913,0,1,0,6,1,0,30,1,2,1,1,250,2
81541,2025-01-31 03:45:44.398326,49.095,8,2522.383056,49.096,7,0xcaf00370,0,0,8,7095,7095,1,1,0,6,1,0,30,1,2,1,1,253,2
81544,2025-01-31 03:45:44.398411,0.085,8,2522.38314,0.084,1,0xcaf00370,0,0,8,7095,7095,1,1,0,6,1,0,30,1,2,1,1,253,2
83195,2025-01-31 03:45:44.449381,50.97,8,2522.43411,50.97,7,0xcaf00370,0,0,8,2034,2034,2,0,0,6,1,0,25,1,2,1,1,1,2
83205,2025-01-31 03:45:44.449600,0.219,8,2522.434329,0.219,1,0xcaf00370,0,0,8,2034,2034,2,0,0,6,1,0,25,1,2,1,1,1,2
84882,2025-01-31 03:45:44.499529,49.929,8,2522.484259,49.93,1,0xcaf00370,0,0,8,2034,2034,3,1,0,29,1,0,5,2,0,1,9,250,1
84884,2025-01-31 03:45:44.499543,0.014,8,2522.484273,0.014,7,0xcaf00370,0,0,8,2034,2034,3,1,0,29,1,0,5,2,0,1,9,250,1
86802,2025-01-31 03:45:44.558900,59.357,8,2522.543629,59.356,7,0xcaf00370,0,0,8,2331,2331,0,1,0,6,1,0,30,1,2,1,1,251,2
86807,2025-01-31 03:45:44.558962,0.062,8,2522.543692,0.063,1,0xcaf00370,0,0,8,2331,2331,0,1,0,6,1,0,30,1,2,1,1,251,2
88528,2025-01-31 03:45:44.609630,50.668,8,2522.59436,50.668,7,0xcaf00370,0,0,8,2387,2387,1,1,0,6,1,0,30,1,2,1,1,253,2
88531,2025-01-31 03:45:44.609684,0.054,8,2522.594413,0.053,1,0xcaf00370,0,0,8,2387,2387,1,1,0,6,1,0,30,1,2,1,1,253,2
90493,2025-01-31 03:45:44.669088,59.403999999999996,8,2522.653817,59.404,7,0xcaf00370,0,0,8,2445,2445,2,0,0,6,1,0,30,1,2,1,1,253,2
90494,2025-01-31 03:45:44.669132,0.044,8,2522.653862,0.045,1,0xcaf00370,0,0,8,2445,2445,2,0,0,6,1,0,30,1,2,1,1,253,2
92145,2025-01-31 03:45:44.718255,49.123,8,2522.702984,49.122,7,0xcaf00370,0,0,8,2445,2445,3,1,0,30,1,0,0,2,0,0,9,133,0
92146,2025-01-31 03:45:44.718294,0.039,8,2522.703023,0.039,1,0xcaf00370,0,0,8,2445,2445,3,1,0,30,1,0,0,2,0,0,9,133,0
93844,2025-01-31 03:45:44.769255,50.961,8,2522.753985,50.962,7,0xcaf00370,0,0,8,2704,2704,0,1,0,6,1,0,30,1,2,1,1,0,2
93845,2025-01-31 03:45:44.769286,0.031,8,2522.754016,0.031,1,0xcaf00370,0,0,8,2704,2704,0,1,0,6,1,0,30,1,2,1,1,0,2
95438,2025-01-31 03:45:44.817976,48.69,8,2522.802705,48.689,1,0xcaf00370,0,0,8,3064,3064,1,1,0,6,1,0,30,1,2,1,1,0,2
95443,2025-01-31 03:45:44.818065,0.089,8,2522.802795,0.09,7,0xcaf00370,0,0,8,3064,3064,1,1,0,6,1,0,30,1,2,1,1,0,2
97447,2025-01-31 03:45:44.878669,60.604,8,2522.863399,60.604,1,0xcaf00370,0,0,8,3222,3222,2,1,0,6,1,0,30,1,2,1,1,0,2
97449,2025-01-31 03:45:44.878731,0.062,8,2522.863461,0.062,7,0xcaf00370,0,0,8,3222,3222,2,1,0,6,1,0,30,1,2,1,1,0,2
99140,2025-01-31 03:45:44.928945,50.214,8,2522.913675,50.214,7,0xcaf00370,0,0,8,4550,4550,3,1,0,6,1,0,30,1,2,1,1,0,2
99141,2025-01-31 03:45:44.928954,0.009000000000000001,8,2522.913683,0.008,1,0xcaf00370,0,0,8,4550,4550,3,1,0,6,1,0,30,1,2,1,1,0,2
101176,2025-01-31 03:45:44.988962,60.007999999999996,8,2522.973691,60.008,7,0xcaf00370,0,0,8,4672,4672,0,1,0,6,1,0,30,1,2,1,1,1,2
101177,2025-01-31 03:45:44.988971,0.009000000000000001,8,2522.973701,0.01,1,0xcaf00370,0,0,8,4672,4672,0,1,0,6,1,0,30,1,2,1,1,1,2
102750,2025-01-31 03:45:45.038233,49.262,8,2523.022963,49.262,1,0xcaf00370,0,0,8,4818,4818,1,1,0,6,1,0,30,1,2,1,1,0,2
102751,2025-01-31 03:45:45.038239,0.006,8,2523.022969,0.006,7,0xcaf00370,0,0,8,4818,4818,1,1,0,6,1,0,30,1,2,1,1,0,2
104483,2025-01-31 03:45:45.089214,50.975,8,2523.073944,50.975,1,0xcaf00370,0,0,8,5038,5038,2,0,0,6,1,0,28,1,2,1,1,0,2
104484,2025-01-31 03:45:45.089226,0.012,8,2523.073955,0.011,7,0xcaf00370,0,0,8,5038,5038,2,0,0,6,1,0,28,1,2,1,1,0,2
106079,2025-01-31 03:45:45.138324,49.098000000000006,8,2523.123054,49.099,1,0xcaf00370,0,0,8,5038,5038,3,1,0,31,1,0,2,1,0,1,6,248,1
106080,2025-01-31 03:45:45.138338,0.014,8,2523.123067,0.013,7,0xcaf00370,0,0,8,5038,5038,3,1,0,31,1,0,2,1,0,1,6,248,1
108074,2025-01-31 03:45:45.198259,59.921,8,2523.182989,59.922,1,0xcaf00370,0,0,8,6689,6689,0,0,0,6,1,0,30,1,2,1,1,0,2
108076,2025-01-31 03:45:45.198330,0.07100000000000001,8,2523.183059,0.07,7,0xcaf00370,0,0,8,6689,6689,0,0,0,6,1,0,30,1,2,1,1,0,2
109897,2025-01-31 03:45:45.249706,51.376,8,2523.234435,51.376,1,0xcaf00370,0,0,8,6689,6689,1,1,0,32,1,0,0,1,0,0,6,132,0
109898,2025-01-31 03:45:45.249737,0.031,8,2523.234466,0.031,7,0xcaf00370,0,0,8,6689,6689,1,1,0,32,1,0,0,1,0,0,6,132,0
112188,2025-01-31 03:45:45.318033,68.29599999999999,8,2523.302763,68.297,1,0xcaf00370,0,0,8,6913,6913,2,1,0,6,1,0,30,1,2,1,1,250,2
112189,2025-01-31 03:45:45.318074,0.041,8,2523.302804,0.041,7,0xcaf00370,0,0,8,6913,6913,2,1,0,6,1,0,30,1,2,1,1,250,2
113903,2025-01-31 03:45:45.368963,50.888999999999996,8,2523.353693,50.889,1,0xcaf00370,0,0,8,7095,7095,3,1,0,6,1,0,30,1,2,1,1,253,2
113904,2025-01-31 03:45:45.369010,0.047,8,2523.35374,0.047,7,0xcaf00370,0,0,8,7095,7095,3,1,0,6,1,0,30,1,2,1,1,253,2
116014,2025-01-31 03:45:45.428985,59.975,8,2523.413714,59.974,1,0xcaf00370,0,0,8,2034,2034,0,0,0,6,1,0,25,1,2,1,1,1,2
116017,2025-01-31 03:45:45.429042,0.057,8,2523.413771,0.057,7,0xcaf00370,0,0,8,2034,2034,0,0,0,6,1,0,25,1,2,1,1,1,2
117683,2025-01-31 03:45:45.478859,49.817,8,2523.463589,49.818,1,0xcaf00370,0,0,8,2034,2034,1,1,0,29,1,0,5,2,0,1,9,250,1
117684,2025-01-31 03:45:45.478867,0.008,8,2523.463596,0.007,7,0xcaf00370,0,0,8,2034,2034,1,1,0,29,1,0,5,2,0,1,9,250,1
119642,2025-01-31 03:45:45.538217,59.35,8,2523.522946,59.35,1,0xcaf00370,0,0,8,2331,2331,2,1,0,6,1,0,30,1,2,1,1,251,2
119645,2025-01-31 03:45:45.538291,0.074,8,2523.52302,0.074,7,0xcaf00370,0,0,8,2331,2331,2,1,0,6,1,0,30,1,2,1,1,251,2
121376,2025-01-31 03:45:45.588964,50.673,8,2523.573693,50.673,1,0xcaf00370,0,0,8,2387,2387,3,1,0,6,1,0,30,1,2,1,1,253,2
121380,2025-01-31 03:45:45.589044,0.08,8,2523.573773,0.08,7,0xcaf00370,0,0,8,2387,2387,3,1,0,6,1,0,30,1,2,1,1,253,2
123314,2025-01-31 03:45:45.649445,60.401,8,2523.634175,60.402,1,0xcaf00370,0,0,8,2445,2445,0,0,0,6,1,0,30,1,2,1,1,253,2
123316,2025-01-31 03:45:45.649538,0.093,8,2523.634267,0.092,7,0xcaf00370,0,0,8,2445,2445,0,0,0,6,1,0,30,1,2,1,1,253,2
124974,2025-01-31 03:45:45.698699,49.161,8,2523.683429,49.162,1,0xcaf00370,0,0,8,2445,2445,1,1,0,30,1,0,0,2,0,0,9,133,0
124978,2025-01-31 03:45:45.698830,0.131,8,2523.68356,0.131,7,0xcaf00370,0,0,8,2445,2445,1,1,0,30,1,0,0,2,0,0,9,133,0
127655,2025-01-31 03:45:45.778783,79.953,8,2523.763513,79.953,1,0xcaf00370,0,0,8,2704,2704,2,1,0,6,1,0,30,1,2,1,1,0,2
127662,2025-01-31 03:45:45.778955,0.17200000000000001,8,2523.763685,0.172,7,0xcaf00370,0,0,8,2704,2704,2,1,0,6,1,0,30,1,2,1,1,0,2
129431,2025-01-31 03:45:45.831692,52.737,8,2523.816421,52.736,1,0xcaf00370,0,0,8,3064,3064,3,1,0,6,1,0,30,1,2,1,1,0,2
129441,2025-01-31 03:45:45.832026,0.33399999999999996,8,2523.816756,0.335,7,0xcaf00370,0,0,8,3064,3064,3,1,0,6,1,0,30,1,2,1,1,0,2
130982,2025-01-31 03:45:45.878901,46.875,8,2523.863631,46.875,1,0xcaf00370,0,0,8,3222,3222,0,1,0,6,1,0,30,1,2,1,1,0,2
130997,2025-01-31 03:45:45.879136,0.235,8,2523.863866,0.235,7,0xcaf00370,0,0,8,3222,3222,0,1,0,6,1,0,30,1,2,1,1,0,2
132689,2025-01-31 03:45:45.929072,49.936,8,2523.913801,49.935,1,0xcaf00370,0,0,8,4550,4550,1,1,0,6,1,0,30,1,2,1,1,0,2
132693,2025-01-31 03:45:45.929186,0.114,8,2523.913916,0.115,7,0xcaf00370,0,0,8,4550,4550,1,1,0,6,1,0,30,1,2,1,1,0,2
134965,2025-01-31 03:45:45.998670,69.48400000000001,8,2523.983399,69.483,1,0xcaf00370,0,0,8,4672,4672,2,1,0,6,1,0,30,1,2,1,1,1,2
134967,2025-01-31 03:45:45.998815,0.145,8,2523.983544,0.145,7,0xcaf00370,0,0,8,4672,4672,2,1,0,6,1,0,30,1,2,1,1,1,2
136646,2025-01-31 03:45:46.049357,50.541999999999994,8,2524.034086,50.542,1,0xcaf00370,0,0,8,4818,4818,3,1,0,6,1,0,30,1,2,1,1,0,2
136649,2025-01-31 03:45:46.049460,0.103,8,2524.034189,0.103,7,0xcaf00370,0,0,8,4818,4818,3,1,0,6,1,0,30,1,2,1,1,0,2
138257,2025-01-31 03:45:46.098317,48.857,8,2524.083046,48.857,1,0xcaf00370,0,0,8,5038,5038,0,0,0,6,1,0,28,1,2,1,1,0,2
138262,2025-01-31 03:45:46.098409,0.092,8,2524.083138,0.092,7,0xcaf00370,0,0,8,5038,5038,0,0,0,6,1,0,28,1,2,1,1,0,2
139935,2025-01-31 03:45:46.148649,50.24,8,2524.133378,50.24,1,0xcaf00370,0,0,8,5038,5038,1,1,0,31,1,0,2,1,0,1,6,248,1
139945,2025-01-31 03:45:46.148841,0.192,8,2524.13357,0.192,7,0xcaf00370,0,0,8,5038,5038,1,1,0,31,1,0,2,1,0,1,6,248,1
141962,2025-01-31 03:45:46.209059,60.218,8,2524.193788,60.218,1,0xcaf00370,0,0,8,6689,6689,2,0,0,6,1,0,30,1,2,1,1,0,2
141964,2025-01-31 03:45:46.209195,0.136,8,2524.193924,0.136,7,0xcaf00370,0,0,8,6689,6689,2,0,0,6,1,0,30,1,2,1,1,0,2
143619,2025-01-31 03:45:46.258885,49.69,8,2524.243615,49.691,1,0xcaf00370,0,0,8,6689,6689,3,1,0,32,1,0,0,1,0,0,6,132,0
143623,2025-01-31 03:45:46.259016,0.131,8,2524.243745,0.13,7,0xcaf00370,0,0,8,6689,6689,3,1,0,32,1,0,0,1,0,0,6,132,0
145654,2025-01-31 03:45:46.318939,59.922999999999995,8,2524.303668,59.923,1,0xcaf00370,0,0,8,6913,6913,0,1,0,6,1,0,30,1,2,1,1,250,2
145656,2025-01-31 03:45:46.319063,0.124,8,2524.303793,0.125,7,0xcaf00370,0,0,8,6913,6913,0,1,0,6,1,0,30,1,2,1,1,250,2
147321,2025-01-31 03:45:46.368910,49.847,8,2524.35364,49.847,1,0xcaf00370,0,0,8,7095,7095,1,1,0,6,1,0,30,1,2,1,1,253,2
147325,2025-01-31 03:45:46.369007,0.097,8,2524.353737,0.097,7,0xcaf00370,0,0,8,7095,7095,1,1,0,6,1,0,30,1,2,1,1,253,2
149335,2025-01-31 03:45:46.429010,60.003,8,2524.413739,60.002,1,0xcaf00370,0,0,8,2034,2034,2,0,0,6,1,0,25,1,2,1,1,1,2
149340,2025-01-31 03:45:46.429121,0.111,8,2524.413851,0.112,7,0xcaf00370,0,0,8,2034,2034,2,0,0,6,1,0,25,1,2,1,1,1,2
150973,2025-01-31 03:45:46.478781,49.660000000000004,8,2524.46351,49.659,7,0xcaf00370,0,0,8,2034,2034,3,1,0,29,1,0,5,2,0,1,9,250,1
150974,2025-01-31 03:45:46.478782,0.001,8,2524.463512,0.002,1,0xcaf00370,0,0,8,2034,2034,3,1,0,29,1,0,5,2,0,1,9,250,1
152938,2025-01-31 03:45:46.538234,59.452,8,2524.522963,59.451,1,0xcaf00370,0,0,8,2331,2331,0,1,0,6,1,0,30,1,2,1,1,251,2
152943,2025-01-31 03:45:46.538333,0.09899999999999999,8,2524.523062,0.099,7,0xcaf00370,0,0,8,2331,2331,0,1,0,6,1,0,30,1,2,1,1,251,2
154632,2025-01-31 03:45:46.588713,50.38,8,2524.573443,50.381,1,0xcaf00370,0,0,8,2387,2387,1,1,0,6,1,0,30,1,2,1,1,253,2
154635,2025-01-31 03:45:46.588772,0.059,8,2524.573502,0.059,7,0xcaf00370,0,0,8,2387,2387,1,1,0,6,1,0,30,1,2,1,1,253,2
156568,2025-01-31 03:45:46.649343,60.571,8,2524.634072,60.57,1,0xcaf00370,0,0,8,2445,2445,2,0,0,6,1,0,30,1,2,1,1,253,2
156569,2025-01-31 03:45:46.649430,0.087,8,2524.634159,0.087,7,0xcaf00370,0,0,8,2445,2445,2,0,0,6,1,0,30,1,2,1,1,253,2
156570,2025-01-31 03:45:46.649430,0.0,8,2524.634159,0.0,7,0xcaf00370,0,0,8,2445,2445,2,0,0,6,1,0,30,1,2,1,1,253,2
158217,2025-01-31 03:45:46.698261,48.830999999999996,8,2524.68299,48.831,1,0xcaf00370,0,0,8,2445,2445,3,1,0,30,1,0,0,2,0,0,9,133,0
158218,2025-01-31 03:45:46.698368,0.107,8,2524.683098,0.108,7,0xcaf00370,0,0,8,2445,2445,3,1,0,30,1,0,0,2,0,0,9,133,0
159913,2025-01-31 03:45:46.749513,51.145,8,2524.734242,51.144,1,0xcaf00370,0,0,8,2704,2704,0,1,0,6,1,0,30,1,2,1,1,0,2
159915,2025-01-31 03:45:46.749588,0.075,8,2524.734318,0.076,7,0xcaf00370,0,0,8,2704,2704,0,1,0,6,1,0,30,1,2,1,1,0,2
161515,2025-01-31 03:45:46.798272,48.684,8,2524.783001,48.683,1,0xcaf00370,0,0,8,3064,3064,1,1,0,6,1,0,30,1,2,1,1,0,2
161519,2025-01-31 03:45:46.798340,0.068,8,2524.783069,0.068,7,0xcaf00370,0,0,8,3064,3064,1,1,0,6,1,0,30,1,2,1,1,0,2
163475,2025-01-31 03:45:46.858687,60.347,8,2524.843416,60.347,1,0xcaf00370,0,0,8,3222,3222,2,1,0,6,1,0,30,1,2,1,1,0,2
163476,2025-01-31 03:45:46.858750,0.063,8,2524.84348,0.064,7,0xcaf00370,0,0,8,3222,3222,2,1,0,6,1,0,30,1,2,1,1,0,2
165130,2025-01-31 03:45:46.909067,50.317,8,2524.893796,50.316,1,0xcaf00370,0,0,8,4550,4550,3,1,0,6,1,0,30,1,2,1,1,0,2
165132,2025-01-31 03:45:46.909123,0.056,8,2524.893853,0.057,7,0xcaf00370,0,0,8,4550,4550,3,1,0,6,1,0,30,1,2,1,1,0,2
167169,2025-01-31 03:45:46.969134,60.011,8,2524.953864,60.011,1,0xcaf00370,0,0,8,4672,4672,0,1,0,6,1,0,30,1,2,1,1,1,2
167171,2025-01-31 03:45:46.969185,0.051,8,2524.953915,0.051,7,0xcaf00370,0,0,8,4672,4672,0,1,0,6,1,0,30,1,2,1,1,1,2
168712,2025-01-31 03:45:47.018060,48.875,8,2525.002789,48.874,1,0xcaf00370,0,0,8,4818,4818,1,1,0,6,1,0,30,1,2,1,1,0,2
168713,2025-01-31 03:45:47.018106,0.046,8,2525.002836,0.047,7,0xcaf00370,0,0,8,4818,4818,1,1,0,6,1,0,30,1,2,1,1,0,2
170752,2025-01-31 03:45:47.079239,61.133,8,2525.063969,61.133,1,0xcaf00370,0,0,8,5038,5038,2,0,0,6,1,0,28,1,2,1,1,0,2
170754,2025-01-31 03:45:47.079344,0.10500000000000001,8,2525.064073,0.104,7,0xcaf00370,0,0,8,5038,5038,2,0,0,6,1,0,28,1,2,1,1,0,2
172462,2025-01-31 03:45:47.129207,49.863,8,2525.113937,49.864,1,0xcaf00370,0,0,8,5038,5038,3,1,0,31,1,0,2,1,0,1,6,248,1
172465,2025-01-31 03:45:47.129258,0.051,8,2525.113988,0.051,7,0xcaf00370,0,0,8,5038,5038,3,1,0,31,1,0,2,1,0,1,6,248,1
174052,2025-01-31 03:45:47.179057,49.799,8,2525.163787,49.799,1,0xcaf00370,0,0,8,6689,6689,0,0,0,6,1,0,30,1,2,1,1,0,2
174055,2025-01-31 03:45:47.179266,0.20900000000000002,8,2525.163995,0.208,7,0xcaf00370,0,0,8,6689,6689,0,0,0,6,1,0,30,1,2,1,1,0,2
175760,2025-01-31 03:45:47.229058,49.792,8,2525.213787,49.792,1,0xcaf00370,0,0,8,6689,6689,1,1,0,32,1,0,0,1,0,0,6,132,0
175776,2025-01-31 03:45:47.229436,0.378,8,2525.214165,0.378,7,0xcaf00370,0,0,8,6689,6689,1,1,0,32,1,0,0,1,0,0,6,132,0
177382,2025-01-31 03:45:47.278930,49.494,8,2525.263659,49.494,7,0xcaf00370,0,0,8,6913,6913,2,1,0,6,1,0,30,1,2,1,1,250,2
177383,2025-01-31 03:45:47.278959,0.029,8,2525.263689,0.03,1,0xcaf00370,0,0,8,6913,6913,2,1,0,6,1,0,30,1,2,1,1,250,2
179111,2025-01-31 03:45:47.330786,51.827,8,2525.315515,51.826,1,0xcaf00370,0,0,8,7095,7095,3,1,0,6,1,0,30,1,2,1,1,253,2
179112,2025-01-31 03:45:47.330861,0.075,8,2525.315591,0.076,7,0xcaf00370,0,0,8,7095,7095,3,1,0,6,1,0,30,1,2,1,1,253,2
181111,2025-01-31 03:45:47.389400,58.539,8,2525.37413,58.539,1,0xcaf00370,0,0,8,2034,2034,0,0,0,6,1,0,25,1,2,1,1,1,2
181112,2025-01-31 03:45:47.389481,0.081,8,2525.374211,0.081,7,0xcaf00370,0,0,8,2034,2034,0,0,0,6,1,0,25,1,2,1,1,1,2
182699,2025-01-31 03:45:47.438774,49.293,8,2525.423504,49.293,1,0xcaf00370,0,0,8,2034,2034,1,1,0,29,1,0,5,2,0,1,9,250,1
182702,2025-01-31 03:45:47.438862,0.088,8,2525.423591,0.087,7,0xcaf00370,0,0,8,2034,2034,1,1,0,29,1,0,5,2,0,1,9,250,1
184705,2025-01-31 03:45:47.498797,59.935,8,2525.483526,59.935,1,0xcaf00370,0,0,8,2331,2331,2,1,0,6,1,0,30,1,2,1,1,251,2
184707,2025-01-31 03:45:47.498888,0.091,8,2525.483618,0.092,7,0xcaf00370,0,0,8,2331,2331,2,1,0,6,1,0,30,1,2,1,1,251,2
186342,2025-01-31 03:45:47.548978,50.09,8,2525.533708,50.09,1,0xcaf00370,0,0,8,2387,2387,3,1,0,6,1,0,30,1,2,1,1,253,2
186344,2025-01-31 03:45:47.549012,0.034,8,2525.533742,0.034,7,0xcaf00370,0,0,8,2387,2387,3,1,0,6,1,0,30,1,2,1,1,253,2
188321,2025-01-31 03:45:47.608948,59.936,8,2525.593678,59.936,1,0xcaf00370,0,0,8,2445,2445,0,0,0,6,1,0,30,1,2,1,1,253,2
188323,2025-01-31 03:45:47.609055,0.107,8,2525.593785,0.107,7,0xcaf00370,0,0,8,2445,2445,0,0,0,6,1,0,30,1,2,1,1,253,2
189922,2025-01-31 03:45:47.658424,49.369,8,2525.643153,49.368,7,0xcaf00370,0,0,8,2445,2445,1,1,0,30,1,0,0,2,0,0,9,133,0
189923,2025-01-31 03:45:47.658439,0.015000000000000001,8,2525.643168,0.015,1,0xcaf00370,0,0,8,2445,2445,1,1,0,30,1,0,0,2,0,0,9,133,0
191944,2025-01-31 03:45:47.718587,60.148,8,2525.703316,60.148,1,0xcaf00370,0,0,8,2704,2704,2,1,0,6,1,0,30,1,2,1,1,0,2
191946,2025-01-31 03:45:47.718704,0.11699999999999999,8,2525.703434,0.118,7,0xcaf00370,0,0,8,2704,2704,2,1,0,6,1,0,30,1,2,1,1,0,2
193679,2025-01-31 03:45:47.769239,50.535,8,2525.753968,50.534,1,0xcaf00370,0,0,8,3064,3064,3,1,0,6,1,0,30,1,2,1,1,0,2
193681,2025-01-31 03:45:47.769363,0.124,8,2525.754093,0.125,7,0xcaf00370,0,0,8,3064,3064,3,1,0,6,1,0,30,1,2,1,1,0,2
195972,2025-01-31 03:45:47.838792,69.429,8,2525.823521,69.428,1,0xcaf00370,0,0,8,3222,3222,0,1,0,6,1,0,30,1,2,1,1,0,2
195974,2025-01-31 03:45:47.838923,0.131,8,2525.823652,0.131,7,0xcaf00370,0,0,8,3222,3222,0,1,0,6,1,0,30,1,2,1,1,0,2
197678,2025-01-31 03:45:47.889055,50.132000000000005,8,2525.873785,50.133,1,0xcaf00370,0,0,8,4550,4550,1,1,0,6,1,0,30,1,2,1,1,0,2
197681,2025-01-31 03:45:47.889194,0.13899999999999998,8,2525.873923,0.138,7,0xcaf00370,0,0,8,4550,4550,1,1,0,6,1,0,30,1,2,1,1,0,2
199601,2025-01-31 03:45:47.949064,59.87,8,2525.933793,59.87,1,0xcaf00370,0,0,8,4672,4672,2,1,0,6,1,0,30,1,2,1,1,1,2
199603,2025-01-31 03:45:47.949208,0.14400000000000002,8,2525.933938,0.145,7,0xcaf00370,0,0,8,4672,4672,2,1,0,6,1,0,30,1,2,1,1,1,2
201290,2025-01-31 03:45:47.998319,49.111000000000004,8,2525.983049,49.111,1,0xcaf00370,0,0,8,4818,4818,3,1,0,6,1,0,30,1,2,1,1,0,2
201298,2025-01-31 03:45:47.998448,0.129,8,2525.983177,0.128,7,0xcaf00370,0,0,8,4818,4818,3,1,0,6,1,0,30,1,2,1,1,0,2
203304,2025-01-31 03:45:48.058721,60.273,8,2526.043451,60.274,1,0xcaf00370,0,0,8,5038,5038,0,0,0,6,1,0,28,1,2,1,1,0,2
203305,2025-01-31 03:45:48.058867,0.146,8,2526.043596,0.145,7,0xcaf00370,0,0,8,5038,5038,0,0,0,6,1,0,28,1,2,1,1,0,2
205004,2025-01-31 03:45:48.109413,50.546,8,2526.094142,50.546,1,0xcaf00370,0,0,8,5038,5038,1,1,0,31,1,0,2,1,0,1,6,248,1
205005,2025-01-31 03:45:48.109556,0.14300000000000002,8,2526.094286,0.144,7,0xcaf00370,0,0,8,5038,5038,1,1,0,31,1,0,2,1,0,1,6,248,1
207038,2025-01-31 03:45:48.169651,60.095000000000006,8,2526.154381,60.095,1,0xcaf00370,0,0,8,6689,6689,2,0,0,6,1,0,30,1,2,1,1,0,2
207040,2025-01-31 03:45:48.169789,0.13799999999999998,8,2526.154519,0.138,7,0xcaf00370,0,0,8,6689,6689,2,0,0,6,1,0,30,1,2,1,1,0,2
208602,2025-01-31 03:45:48.217734,47.945,8,2526.202464,47.945,1,0xcaf00370,0,0,8,6689,6689,3,1,0,32,1,0,0,1,0,0,6,132,0
208629,2025-01-31 03:45:48.218325,0.5910000000000001,8,2526.203055,0.591,7,0xcaf00370,0,0,8,6689,6689,3,1,0,32,1,0,0,1,0,0,6,132,0
210782,2025-01-31 03:45:48.278121,59.796,8,2526.262851,59.796,1,0xcaf00370,0,0,8,6913,6913,0,1,0,6,1,0,30,1,2,1,1,250,2
210802,2025-01-31 03:45:48.278486,0.365,8,2526.263216,0.365,7,0xcaf00370,0,0,8,6913,6913,0,1,0,6,1,0,30,1,2,1,1,250,2
212537,2025-01-31 03:45:48.329412,50.926,8,2526.314141,50.925,1,0xcaf00370,0,0,8,7095,7095,1,1,0,6,1,0,30,1,2,1,1,253,2
212541,2025-01-31 03:45:48.329523,0.111,8,2526.314252,0.111,7,0xcaf00370,0,0,8,7095,7095,1,1,0,6,1,0,30,1,2,1,1,253,2
214498,2025-01-31 03:45:48.388421,58.897999999999996,8,2526.37315,58.898,1,0xcaf00370,0,0,8,2034,2034,2,0,0,6,1,0,25,1,2,1,1,1,2
214544,2025-01-31 03:45:48.389347,0.9259999999999999,8,2526.374077,0.927,7,0xcaf00370,0,0,8,2034,2034,2,0,0,6,1,0,25,1,2,1,1,1,2
215887,2025-01-31 03:45:48.429199,39.852,8,2526.413928,39.851,1,0xcaf00370,0,0,8,2034,2034,3,1,0,29,1,0,5,2,0,1,9,250,1
215897,2025-01-31 03:45:48.429418,0.219,8,2526.414148,0.22,7,0xcaf00370,0,0,8,2034,2034,3,1,0,29,1,0,5,2,0,1,9,250,1
217916,2025-01-31 03:45:48.489300,59.882,8,2526.47403,59.882,1,0xcaf00370,0,0,8,2331,2331,0,1,0,6,1,0,30,1,2,1,1,251,2
217920,2025-01-31 03:45:48.489422,0.122,8,2526.474151,0.121,7,0xcaf00370,0,0,8,2331,2331,0,1,0,6,1,0,30,1,2,1,1,251,2
219516,2025-01-31 03:45:48.539788,50.366,8,2526.524518,50.367,1,0xcaf00370,0,0,8,2387,2387,1,1,0,6,1,0,30,1,2,1,1,253,2
219520,2025-01-31 03:45:48.540068,0.27999999999999997,8,2526.524797,0.279,7,0xcaf00370,0,0,8,2387,2387,1,1,0,6,1,0,30,1,2,1,1,253,2
221494,2025-01-31 03:45:48.598828,58.76,8,2526.583558,58.761,1,0xcaf00370,0,0,8,2445,2445,2,0,0,6,1,0,30,1,2,1,1,253,2
221500,2025-01-31 03:45:48.598937,0.10900000000000001,8,2526.583667,0.109,7,0xcaf00370,0,0,8,2445,2445,2,0,0,6,1,0,30,1,2,1,1,253,2
223127,2025-01-31 03:45:48.648954,50.016999999999996,8,2526.633684,50.017,1,0xcaf00370,0,0,8,2445,2445,3,1,0,30,1,0,0,2,0,0,9,133,0
223147,2025-01-31 03:45:48.649229,0.275,8,2526.633958,0.274,7,0xcaf00370,0,0,8,2445,2445,3,1,0,30,1,0,0,2,0,0,9,133,0
225152,2025-01-31 03:45:48.709021,59.791999999999994,8,2526.69375,59.792,1,0xcaf00370,0,0,8,2704,2704,0,1,0,6,1,0,30,1,2,1,1,0,2
225167,2025-01-31 03:45:48.709316,0.29500000000000004,8,2526.694045,0.295,7,0xcaf00370,0,0,8,2704,2704,0,1,0,6,1,0,30,1,2,1,1,0,2
226797,2025-01-31 03:45:48.758961,49.645,8,2526.74369,49.645,1,0xcaf00370,0,0,8,3064,3064,1,1,0,6,1,0,30,1,2,1,1,0,2
226802,2025-01-31 03:45:48.759068,0.107,8,2526.743797,0.107,7,0xcaf00370,0,0,8,3064,3064,1,1,0,6,1,0,30,1,2,1,1,0,2
228738,2025-01-31 03:45:48.818709,59.641,8,2526.803439,59.642,1,0xcaf00370,0,0,8,3222,3222,2,1,0,6,1,0,30,1,2,1,1,0,2
228745,2025-01-31 03:45:48.818843,0.134,8,2526.803572,0.133,7,0xcaf00370,0,0,8,3222,3222,2,1,0,6,1,0,30,1,2,1,1,0,2
230435,2025-01-31 03:45:48.869540,50.696999999999996,8,2526.854269,50.697,7,0xcaf00370,0,0,8,4550,4550,3,1,0,6,1,0,30,1,2,1,1,0,2
230436,2025-01-31 03:45:48.869566,0.026,8,2526.854295,0.026,1,0xcaf00370,0,0,8,4550,4550,3,1,0,6,1,0,30,1,2,1,1,0,2
232386,2025-01-31 03:45:48.929045,59.479,8,2526.913775,59.48,7,0xcaf00370,0,0,8,4672,4672,0,1,0,6,1,0,30,1,2,1,1,1,2
232396,2025-01-31 03:45:48.929260,0.215,8,2526.91399,0.215,1,0xcaf00370,0,0,8,4672,4672,0,1,0,6,1,0,30,1,2,1,1,1,2
234059,2025-01-31 03:45:48.979046,49.785999999999994,8,2526.963775,49.785,1,0xcaf00370,0,0,8,4818,4818,1,1,0,6,1,0,30,1,2,1,1,0,2
234066,2025-01-31 03:45:48.979182,0.136,8,2526.963911,0.136,7,0xcaf00370,0,0,8,4818,4818,1,1,0,6,1,0,30,1,2,1,1,0,2
236013,2025-01-31 03:45:49.038564,59.382,8,2527.023293,59.382,1,0xcaf00370,0,0,8,5038,5038,2,0,0,6,1,0,28,1,2,1,1,0,2
236018,2025-01-31 03:45:49.038663,0.09899999999999999,8,2527.023393,0.1,7,0xcaf00370,0,0,8,5038,5038,2,0,0,6,1,0,28,1,2,1,1,0,2
237719,2025-01-31 03:45:49.089082,50.419,8,2527.073811,50.418,7,0xcaf00370,0,0,8,5038,5038,3,1,0,31,1,0,2,1,0,1,6,248,1
237723,2025-01-31 03:45:49.089162,0.08,8,2527.073891,0.08,1,0xcaf00370,0,0,8,5038,5038,3,1,0,31,1,0,2,1,0,1,6,248,1
239663,2025-01-31 03:45:49.148727,59.565,8,2527.133457,59.566,1,0xcaf00370,0,0,8,6689,6689,0,0,0,6,1,0,30,1,2,1,1,0,2
239686,2025-01-31 03:45:49.149089,0.36200000000000004,8,2527.133819,0.362,7,0xcaf00370,0,0,8,6689,6689,0,0,0,6,1,0,30,1,2,1,1,0,2
241340,2025-01-31 03:45:49.198443,49.354,8,2527.183173,49.354,1,0xcaf00370,0,0,8,6689,6689,1,1,0,32,1,0,0,1,0,0,6,132,0
241360,2025-01-31 03:45:49.198771,0.328,8,2527.1835,0.327,7,0xcaf00370,0,0,8,6689,6689,1,1,0,32,1,0,0,1,0,0,6,132,0
243324,2025-01-31 03:45:49.258148,59.377,8,2527.242878,59.378,1,0xcaf00370,0,0,8,6913,6913,2,1,0,6,1,0,30,1,2,1,1,250,2
243352,2025-01-31 03:45:49.258668,0.5199999999999999,8,2527.243397,0.519,7,0xcaf00370,0,0,8,6913,6913,2,1,0,6,1,0,30,1,2,1,1,250,2
245050,2025-01-31 03:45:49.309197,50.528999999999996,8,2527.293926,50.529,7,0xcaf00370,0,0,8,7095,7095,3,1,0,6,1,0,30,1,2,1,1,253,2
245055,2025-01-31 03:45:49.309359,0.162,8,2527.294088,0.162,1,0xcaf00370,0,0,8,7095,7095,3,1,0,6,1,0,30,1,2,1,1,253,2
247044,2025-01-31 03:45:49.368888,59.528999999999996,8,2527.353617,59.529,1,0xcaf00370,0,0,8,2034,2034,0,0,0,6,1,0,25,1,2,1,1,1,2
247060,2025-01-31 03:45:49.369120,0.232,8,2527.35385,0.233,7,0xcaf00370,0,0,8,2034,2034,0,0,0,6,1,0,25,1,2,1,1,1,2
248662,2025-01-31 03:45:49.418102,48.982,8,2527.402832,48.982,1,0xcaf00370,0,0,8,2034,2034,1,1,0,29,1,0,5,2,0,1,9,250,1
248669,2025-01-31 03:45:49.418221,0.11900000000000001,8,2527.402951,0.119,7,0xcaf00370,0,0,8,2034,2034,1,1,0,29,1,0,5,2,0,1,9,250,1
250740,2025-01-31 03:45:49.478589,60.367999999999995,8,2527.463318,60.367,1,0xcaf00370,0,0,8,2331,2331,2,1,0,6,1,0,30,1,2,1,1,251,2
250750,2025-01-31 03:45:49.478749,0.16,8,2527.463479,0.161,7,0xcaf00370,0,0,8,2331,2331,2,1,0,6,1,0,30,1,2,1,1,251,2
252442,2025-01-31 03:45:49.529230,50.480999999999995,8,2527.51396,50.481,7,0xcaf00370,0,0,8,2387,2387,3,1,0,6,1,0,30,1,2,1,1,253,2
252463,2025-01-31 03:45:49.529772,0.5419999999999999,8,2527.514502,0.542,1,0xcaf00370,0,0,8,2387,2387,3,1,0,6,1,0,30,1,2,1,1,253,2
254738,2025-01-31 03:45:49.598596,68.824,8,2527.583325,68.823,1,0xcaf00370,0,0,8,2445,2445,0,0,0,6,1,0,30,1,2,1,1,253,2
254752,2025-01-31 03:45:49.598936,0.34,8,2527.583666,0.341,7,0xcaf00370,0,0,8,2445,2445,0,0,0,6,1,0,30,1,2,1,1,253,2
256476,2025-01-31 03:45:49.651941,53.004999999999995,8,2527.63667,53.004,1,0xcaf00370,0,0,8,2445,2445,1,1,0,30,1,0,0,2,0,0,9,133,0
256481,2025-01-31 03:45:49.652070,0.129,8,2527.6368,0.13,7,0xcaf00370,0,0,8,2445,2445,1,1,0,30,1,0,0,2,0,0,9,133,0
258074,2025-01-31 03:45:49.698582,46.512,8,2527.683312,46.512,1,0xcaf00370,0,0,8,2704,2704,2,1,0,6,1,0,30,1,2,1,1,0,2
258087,2025-01-31 03:45:49.698801,0.219,8,2527.68353,0.218,7,0xcaf00370,0,0,8,2704,2704,2,1,0,6,1,0,30,1,2,1,1,0,2
259773,2025-01-31 03:45:49.749080,50.278999999999996,8,2527.73381,50.28,1,0xcaf00370,0,0,8,3064,3064,3,1,0,6,1,0,30,1,2,1,1,0,2
259780,2025-01-31 03:45:49.749246,0.166,8,2527.733975,0.165,7,0xcaf00370,0,0,8,3064,3064,3,1,0,6,1,0,30,1,2,1,1,0,2
261785,2025-01-31 03:45:49.809065,59.818999999999996,8,2527.793795,59.82,1,0xcaf00370,0,0,8,3222,3222,0,1,0,6,1,0,30,1,2,1,1,0,2
261793,2025-01-31 03:45:49.809219,0.154,8,2527.793949,0.154,7,0xcaf00370,0,0,8,3222,3222,0,1,0,6,1,0,30,1,2,1,1,0,2
263409,2025-01-31 03:45:49.858837,49.618,8,2527.843566,49.617,1,0xcaf00370,0,0,8,4550,4550,1,1,0,6,1,0,30,1,2,1,1,0,2
263411,2025-01-31 03:45:49.858893,0.056,8,2527.843622,0.056,7,0xcaf00370,0,0,8,4550,4550,1,1,0,6,1,0,30,1,2,1,1,0,2
265104,2025-01-31 03:45:49.909162,50.269,8,2527.893892,50.27,1,0xcaf00370,0,0,8,4672,4672,2,1,0,6,1,0,30,1,2,1,1,1,2
265120,2025-01-31 03:45:49.909679,0.517,8,2527.894408,0.516,7,0xcaf00370,0,0,8,4672,4672,2,1,0,6,1,0,30,1,2,1,1,1,2
266740,2025-01-31 03:45:49.959591,49.912,8,2527.944321,49.913,1,0xcaf00370,0,0,8,4818,4818,3,1,0,6,1,0,30,1,2,1,1,0,2
266745,2025-01-31 03:45:49.959766,0.175,8,2527.944495,0.174,7,0xcaf00370,0,0,8,4818,4818,3,1,0,6,1,0,30,1,2,1,1,0,2
268789,2025-01-31 03:45:50.018867,59.101,8,2528.003596,59.101,1,0xcaf00370,0,0,8,5038,5038,0,0,0,6,1,0,28,1,2,1,1,0,2
268792,2025-01-31 03:45:50.019006,0.13899999999999998,8,2528.003736,0.14,7,0xcaf00370,0,0,8,5038,5038,0,0,0,6,1,0,28,1,2,1,1,0,2
270452,2025-01-31 03:45:50.069123,50.117000000000004,8,2528.053852,50.116,1,0xcaf00370,0,0,8,5038,5038,1,1,0,31,1,0,2,1,0,1,6,248,1
270455,2025-01-31 03:45:50.069262,0.13899999999999998,8,2528.053991,0.139,7,0xcaf00370,0,0,8,5038,5038,1,1,0,31,1,0,2,1,0,1,6,248,1
272465,2025-01-31 03:45:50.129137,59.875,8,2528.113866,59.875,1,0xcaf00370,0,0,8,6689,6689,2,0,0,6,1,0,30,1,2,1,1,0,2
272466,2025-01-31 03:45:50.129162,0.025,8,2528.113892,0.026,7,0xcaf00370,0,0,8,6689,6689,2,0,0,6,1,0,30,1,2,1,1,0,2
274079,2025-01-31 03:45:50.178683,49.521,8,2528.163412,49.52,1,0xcaf00370,0,0,8,6689,6689,3,1,0,32,1,0,0,1,0,0,6,132,0
274093,2025-01-31 03:45:50.179102,0.419,8,2528.163832,0.42,7,0xcaf00370,0,0,8,6689,6689,3,1,0,32,1,0,0,1,0,0,6,132,0
276104,2025-01-31 03:45:50.238439,59.337,8,2528.223169,59.337,1,0xcaf00370,0,0,8,6913,6913,0,1,0,6,1,0,30,1,2,1,1,250,2
276106,2025-01-31 03:45:50.238578,0.13899999999999998,8,2528.223307,0.138,7,0xcaf00370,0,0,8,6913,6913,0,1,0,6,1,0,30,1,2,1,1,250,2
277813,2025-01-31 03:45:50.288865,50.287,8,2528.273594,50.287,1,0xcaf00370,0,0,8,7095,7095,1,1,0,6,1,0,30,1,2,1,1,253,2
277818,2025-01-31 03:45:50.288990,0.125,8,2528.273719,0.125,7,0xcaf00370,0,0,8,7095,7095,1,1,0,6,1,0,30,1,2,1,1,253,2
279740,2025-01-31 03:45:50.348988,59.998000000000005,8,2528.333717,59.998,1,0xcaf00370,0,0,8,2034,2034,2,0,0,6,1,0,25,1,2,1,1,1,2
279749,2025-01-31 03:45:50.349115,0.127,8,2528.333845,0.128,7,0xcaf00370,0,0,8,2034,2034,2,0,0,6,1,0,25,1,2,1,1,1,2
281421,2025-01-31 03:45:50.398597,49.482,8,2528.383327,49.482,1,0xcaf00370,0,0,8,2034,2034,3,1,0,29,1,0,5,2,0,1,9,250,1
281422,2025-01-31 03:45:50.398735,0.13799999999999998,8,2528.383465,0.138,7,0xcaf00370,0,0,8,2034,2034,3,1,0,29,1,0,5,2,0,1,9,250,1
283351,2025-01-31 03:45:50.459272,60.537,8,2528.444001,60.536,1,0xcaf00370,0,0,8,2331,2331,0,1,0,6,1,0,30,1,2,1,1,251,2
283352,2025-01-31 03:45:50.459408,0.136,8,2528.444138,0.137,7,0xcaf00370,0,0,8,2331,2331,0,1,0,6,1,0,30,1,2,1,1,251,2
285054,2025-01-31 03:45:50.509231,49.823,8,2528.49396,49.822,1,0xcaf00370,0,0,8,2387,2387,1,1,0,6,1,0,30,1,2,1,1,253,2
285057,2025-01-31 03:45:50.509366,0.135,8,2528.494095,0.135,7,0xcaf00370,0,0,8,2387,2387,1,1,0,6,1,0,30,1,2,1,1,253,2
287340,2025-01-31 03:45:50.579125,69.759,8,2528.563855,69.76,1,0xcaf00370,0,0,8,2445,2445,2,0,0,6,1,0,30,1,2,1,1,253,2
287351,2025-01-31 03:45:50.579478,0.35300000000000004,8,2528.564207,0.352,7,0xcaf00370,0,0,8,2445,2445,2,0,0,6,1,0,30,1,2,1,1,253,2
288971,2025-01-31 03:45:50.629152,49.674,8,2528.613881,49.674,1,0xcaf00370,0,0,8,2445,2445,3,1,0,30,1,0,0,2,0,0,9,133,0
288976,2025-01-31 03:45:50.629286,0.134,8,2528.614016,0.135,7,0xcaf00370,0,0,8,2445,2445,3,1,0,30,1,0,0,2,0,0,9,133,0
290633,2025-01-31 03:45:50.679731,50.445,8,2528.66446,50.444,1,0xcaf00370,0,0,8,2704,2704,0,1,0,6,1,0,30,1,2,1,1,0,2
290636,2025-01-31 03:45:50.679794,0.063,8,2528.664524,0.064,7,0xcaf00370,0,0,8,2704,2704,0,1,0,6,1,0,30,1,2,1,1,0,2
292286,2025-01-31 03:45:50.729103,49.309,8,2528.713832,49.308,1,0xcaf00370,0,0,8,3064,3064,1,1,0,6,1,0,30,1,2,1,1,0,2
292289,2025-01-31 03:45:50.729216,0.11299999999999999,8,2528.713946,0.114,7,0xcaf00370,0,0,8,3064,3064,1,1,0,6,1,0,30,1,2,1,1,0,2
294577,2025-01-31 03:45:50.798927,69.711,8,2528.783656,69.71,1,0xcaf00370,0,0,8,3222,3222,2,1,0,6,1,0,30,1,2,1,1,0,2
294579,2025-01-31 03:45:50.799060,0.133,8,2528.78379,0.134,7,0xcaf00370,0,0,8,3222,3222,2,1,0,6,1,0,30,1,2,1,1,0,2
296266,2025-01-31 03:45:50.849013,49.952999999999996,8,2528.833743,49.953,7,0xcaf00370,0,0,8,4550,4550,3,1,0,6,1,0,30,1,2,1,1,0,2
296267,2025-01-31 03:45:50.849016,0.003,8,2528.833745,0.002,1,0xcaf00370,0,0,8,4550,4550,3,1,0,6,1,0,30,1,2,1,1,0,2
298230,2025-01-31 03:45:50.909045,60.028999999999996,8,2528.893775,60.03,1,0xcaf00370,0,0,8,4672,4672,0,1,0,6,1,0,30,1,2,1,1,1,2
298235,2025-01-31 03:45:50.909153,0.108,8,2528.893882,0.107,7,0xcaf00370,0,0,8,4672,4672,0,1,0,6,1,0,30,1,2,1,1,1,2
299801,2025-01-31 03:45:50.958801,49.647999999999996,8,2528.943531,49.649,1,0xcaf00370,0,0,8,4818,4818,1,1,0,6,1,0,30,1,2,1,1,0,2
299805,2025-01-31 03:45:50.959008,0.207,8,2528.943738,0.207,7,0xcaf00370,0,0,8,4818,4818,1,1,0,6,1,0,30,1,2,1,1,0,2
302258,2025-01-31 03:45:51.029568,70.56,8,2529.014297,70.559,1,0xcaf00370,0,0,8,5038,5038,2,0,0,6,1,0,28,1,2,1,1,0,2
302263,2025-01-31 03:45:51.029700,0.132,8,2529.014429,0.132,7,0xcaf00370,0,0,8,5038,5038,2,0,0,6,1,0,28,1,2,1,1,0,2
303895,2025-01-31 03:45:51.079113,49.413,8,2529.063842,49.413,1,0xcaf00370,0,0,8,5038,5038,3,1,0,31,1,0,2,1,0,1,6,248,1
303911,2025-01-31 03:45:51.079505,0.392,8,2529.064234,0.392,7,0xcaf00370,0,0,8,5038,5038,3,1,0,31,1,0,2,1,0,1,6,248,1
305597,2025-01-31 03:45:51.129171,49.666000000000004,8,2529.113901,49.667,1,0xcaf00370,0,0,8,6689,6689,0,0,0,6,1,0,30,1,2,1,1,0,2
305599,2025-01-31 03:45:51.129298,0.127,8,2529.114028,0.127,7,0xcaf00370,0,0,8,6689,6689,0,0,0,6,1,0,30,1,2,1,1,0,2
307218,2025-01-31 03:45:51.179154,49.855999999999995,8,2529.163884,49.856,1,0xcaf00370,0,0,8,6689,6689,1,1,0,32,1,0,0,1,0,0,6,132,0
307227,2025-01-31 03:45:51.179501,0.347,8,2529.16423,0.346,7,0xcaf00370,0,0,8,6689,6689,1,1,0,32,1,0,0,1,0,0,6,132,0
309287,2025-01-31 03:45:51.238491,58.99,8,2529.223221,58.991,1,0xcaf00370,0,0,8,6913,6913,2,1,0,6,1,0,30,1,2,1,1,250,2
309288,2025-01-31 03:45:51.238610,0.11900000000000001,8,2529.22334,0.119,7,0xcaf00370,0,0,8,6913,6913,2,1,0,6,1,0,30,1,2,1,1,250,2
310999,2025-01-31 03:45:51.288917,50.306999999999995,8,2529.273646,50.306,1,0xcaf00370,0,0,8,7095,7095,3,1,0,6,1,0,30,1,2,1,1,253,2
311003,2025-01-31 03:45:51.289024,0.107,8,2529.273753,0.107,7,0xcaf00370,0,0,8,7095,7095,3,1,0,6,1,0,30,1,2,1,1,253,2
312957,2025-01-31 03:45:51.348913,59.888999999999996,8,2529.333642,59.889,1,0xcaf00370,0,0,8,2034,2034,0,0,0,6,1,0,25,1,2,1,1,1,2
312962,2025-01-31 03:45:51.349035,0.122,8,2529.333764,0.122,7,0xcaf00370,0,0,8,2034,2034,0,0,0,6,1,0,25,1,2,1,1,1,2
314680,2025-01-31 03:45:51.398493,49.458,8,2529.383222,49.458,1,0xcaf00370,0,0,8,2034,2034,1,1,0,29,1,0,5,2,0,1,9,250,1
314682,2025-01-31 03:45:51.398606,0.11299999999999999,8,2529.383335,0.113,7,0xcaf00370,0,0,8,2034,2034,1,1,0,29,1,0,5,2,0,1,9,250,1
317043,2025-01-31 03:45:51.469577,70.971,8,2529.454306,70.971,1,0xcaf00370,0,0,8,2331,2331,2,1,0,6,1,0,30,1,2,1,1,251,2
317045,2025-01-31 03:45:51.469687,0.11,8,2529.454416,0.11,7,0xcaf00370,0,0,8,2331,2331,2,1,0,6,1,0,30,1,2,1,1,251,2
318685,2025-01-31 03:45:51.518470,48.783,8,2529.503199,48.783,1,0xcaf00370,0,0,8,2387,2387,3,1,0,6,1,0,30,1,2,1,1,253,2
318691,2025-01-31 03:45:51.518576,0.106,8,2529.503306,0.107,7,0xcaf00370,0,0,8,2387,2387,3,1,0,6,1,0,30,1,2,1,1,253,2
320436,2025-01-31 03:45:51.571349,52.773,8,2529.556078,52.772,1,0xcaf00370,0,0,8,2445,2445,0,0,0,6,1,0,30,1,2,1,1,253,2
320440,2025-01-31 03:45:51.571454,0.10500000000000001,8,2529.556183,0.105,7,0xcaf00370,0,0,8,2445,2445,0,0,0,6,1,0,30,1,2,1,1,253,2
322033,2025-01-31 03:45:51.618971,47.516999999999996,8,2529.6037,47.517,1,0xcaf00370,0,0,8,2445,2445,1,1,0,30,1,0,0,2,0,0,9,133,0
322034,2025-01-31 03:45:51.619069,0.098,8,2529.603798,0.098,7,0xcaf00370,0,0,8,2445,2445,1,1,0,30,1,0,0,2,0,0,9,133,0
323791,2025-01-31 03:45:51.672402,53.333,8,2529.657132,53.334,1,0xcaf00370,0,0,8,2704,2704,2,1,0,6,1,0,30,1,2,1,1,0,2
323803,2025-01-31 03:45:51.672579,0.177,8,2529.657308,0.176,7,0xcaf00370,0,0,8,2704,2704,2,1,0,6,1,0,30,1,2,1,1,0,2
325353,2025-01-31 03:45:51.718548,45.969,8,2529.703277,45.969,7,0xcaf00370,0,0,8,3064,3064,3,1,0,6,1,0,30,1,2,1,1,0,2
325354,2025-01-31 03:45:51.718571,0.023,8,2529.7033,0.023,1,0xcaf00370,0,0,8,3064,3064,3,1,0,6,1,0,30,1,2,1,1,0,2
327769,2025-01-31 03:45:51.789237,70.66600000000001,8,2529.773967,70.667,1,0xcaf00370,0,0,8,3222,3222,0,1,0,6,1,0,30,1,2,1,1,0,2
327770,2025-01-31 03:45:51.789333,0.096,8,2529.774062,0.095,7,0xcaf00370,0,0,8,3222,3222,0,1,0,6,1,0,30,1,2,1,1,0,2
329312,2025-01-31 03:45:51.838962,49.629,8,2529.823691,49.629,1,0xcaf00370,0,0,8,4550,4550,1,1,0,6,1,0,30,1,2,1,1,0,2
329313,2025-01-31 03:45:51.839053,0.091,8,2529.823783,0.092,7,0xcaf00370,0,0,8,4550,4550,1,1,0,6,1,0,30,1,2,1,1,0,2
331300,2025-01-31 03:45:51.898984,59.931,8,2529.883714,59.931,1,0xcaf00370,0,0,8,4672,4672,2,1,0,6,1,0,30,1,2,1,1,1,2
331302,2025-01-31 03:45:51.899072,0.088,8,2529.883801,0.087,7,0xcaf00370,0,0,8,4672,4672,2,1,0,6,1,0,30,1,2,1,1,1,2
332910,2025-01-31 03:45:51.949227,50.155,8,2529.933957,50.156,1,0xcaf00370,0,0,8,4818,4818,3,1,0,6,1,0,30,1,2,1,1,0,2
332912,2025-01-31 03:45:51.949312,0.085,8,2529.934042,0.085,7,0xcaf00370,0,0,8,4818,4818,3,1,0,6,1,0,30,1,2,1,1,0,2
334956,2025-01-31 03:45:52.008928,59.616,8,2529.993657,59.615,1,0xcaf00370,0,0,8,5038,5038,0,0,0,6,1,0,28,1,2,1,1,0,2
334957,2025-01-31 03:45:52.009010,0.082,8,2529.99374,0.083,7,0xcaf00370,0,0,8,5038,5038,0,0,0,6,1,0,28,1,2,1,1,0,2
336557,2025-01-31 03:45:52.058868,49.858,8,2530.043598,49.858,1,0xcaf00370,0,0,8,5038,5038,1,1,0,31,1,0,2,1,0,1,6,248,1
336558,2025-01-31 03:45:52.058941,0.073,8,2530.043671,0.073,7,0xcaf00370,0,0,8,5038,5038,1,1,0,31,1,0,2,1,0,1,6,248,1
338537,2025-01-31 03:45:52.118973,60.032000000000004,8,2530.103703,60.032,1,0xcaf00370,0,0,8,6689,6689,2,0,0,6,1,0,30,1,2,1,1,0,2
338539,2025-01-31 03:45:52.119035,0.062,8,2530.103765,0.062,7,0xcaf00370,0,0,8,6689,6689,2,0,0,6,1,0,30,1,2,1,1,0,2
340162,2025-01-31 03:45:52.169102,50.067,8,2530.153832,50.067,7,0xcaf00370,0,0,8,6689,6689,3,1,0,32,1,0,0,1,0,0,6,132,0
340163,2025-01-31 03:45:52.169102,0.0,8,2530.153832,0.0,1,0xcaf00370,0,0,8,6689,6689,3,1,0,32,1,0,0,1,0,0,6,132,0
342256,2025-01-31 03:45:52.229470,60.367999999999995,8,2530.2142,60.368,1,0xcaf00370,0,0,8,6913,6913,0,1,0,6,1,0,30,1,2,1,1,250,2
342257,2025-01-31 03:45:52.229520,0.05,8,2530.214249,0.049,7,0xcaf00370,0,0,8,6913,6913,0,1,0,6,1,0,30,1,2,1,1,250,2
343880,2025-01-31 03:45:52.279096,49.576,8,2530.263825,49.576,1,0xcaf00370,0,0,8,7095,7095,1,1,0,6,1,0,30,1,2,1,1,253,2
343886,2025-01-31 03:45:52.279209,0.11299999999999999,8,2530.263938,0.113,7,0xcaf00370,0,0,8,7095,7095,1,1,0,6,1,0,30,1,2,1,1,253,2
345505,2025-01-31 03:45:52.329023,49.814,8,2530.313752,49.814,1,0xcaf00370,0,0,8,2034,2034,2,0,0,6,1,0,25,1,2,1,1,1,2
345507,2025-01-31 03:45:52.329063,0.04,8,2530.313793,0.041,7,0xcaf00370,0,0,8,2034,2034,2,0,0,6,1,0,25,1,2,1,1,1,2
347193,2025-01-31 03:45:52.381111,52.047999999999995,8,2530.36584,52.047,1,0xcaf00370,0,0,8,2034,2034,3,1,0,29,1,0,5,2,0,1,9,250,1
347194,2025-01-31 03:45:52.381145,0.034,8,2530.365875,0.035,7,0xcaf00370,0,0,8,2034,2034,3,1,0,29,1,0,5,2,0,1,9,250,1
349108,2025-01-31 03:45:52.438948,57.803,8,2530.423678,57.803,1,0xcaf00370,0,0,8,2331,2331,0,1,0,6,1,0,30,1,2,1,1,251,2
349110,2025-01-31 03:45:52.438976,0.028,8,2530.423706,0.028,7,0xcaf00370,0,0,8,2331,2331,0,1,0,6,1,0,30,1,2,1,1,251,2
350873,2025-01-31 03:45:52.488979,50.003,8,2530.473709,50.003,7,0xcaf00370,0,0,8,2387,2387,1,1,0,6,1,0,30,1,2,1,1,253,2
350876,2025-01-31 03:45:52.489034,0.055,8,2530.473763,0.054,1,0xcaf00370,0,0,8,2387,2387,1,1,0,6,1,0,30,1,2,1,1,253,2
353059,2025-01-31 03:45:52.559746,70.712,8,2530.544475,70.712,1,0xcaf00370,0,0,8,2445,2445,2,0,0,6,1,0,30,1,2,1,1,253,2
353061,2025-01-31 03:45:52.559761,0.015000000000000001,8,2530.544491,0.016,7,0xcaf00370,0,0,8,2445,2445,2,0,0,6,1,0,30,1,2,1,1,253,2
354767,2025-01-31 03:45:52.609024,49.263,8,2530.593753,49.262,1,0xcaf00370,0,0,8,2445,2445,3,1,0,30,1,0,0,2,0,0,9,133,0
354768,2025-01-31 03:45:52.609036,0.012,8,2530.593766,0.013,7,0xcaf00370,0,0,8,2445,2445,3,1,0,30,1,0,0,2,0,0,9,133,0
356339,2025-01-31 03:45:52.659401,50.365,8,2530.644131,50.365,1,0xcaf00370,0,0,8,2704,2704,0,1,0,6,1,0,30,1,2,1,1,0,2
356340,2025-01-31 03:45:52.659408,0.007,8,2530.644138,0.007,7,0xcaf00370,0,0,8,2704,2704,0,1,0,6,1,0,30,1,2,1,1,0,2
358042,2025-01-31 03:45:52.708722,49.314,8,2530.693451,49.313,7,0xcaf00370,0,0,8,3064,3064,1,1,0,6,1,0,30,1,2,1,1,0,2
358049,2025-01-31 03:45:52.708863,0.14100000000000001,8,2530.693592,0.141,1,0xcaf00370,0,0,8,3064,3064,1,1,0,6,1,0,30,1,2,1,1,0,2
360000,2025-01-31 03:45:52.769237,60.373999999999995,8,2530.753966,60.374,7,0xcaf00370,0,0,8,3222,3222,2,1,0,6,1,0,30,1,2,1,1,0,2
360001,2025-01-31 03:45:52.769242,0.005,8,2530.753972,0.006,1,0xcaf00370,0,0,8,3222,3222,2,1,0,6,1,0,30,1,2,1,1,0,2
361655,2025-01-31 03:45:52.818656,49.414,8,2530.803386,49.414,7,0xcaf00370,0,0,8,4550,4550,3,1,0,6,1,0,30,1,2,1,1,0,2
361656,2025-01-31 03:45:52.818667,0.011,8,2530.803397,0.011,1,0xcaf00370,0,0,8,4550,4550,3,1,0,6,1,0,30,1,2,1,1,0,2
363679,2025-01-31 03:45:52.879624,60.957,8,2530.864353,60.956,7,0xcaf00370,0,0,8,4672,4672,0,1,0,6,1,0,30,1,2,1,1,1,2
363682,2025-01-31 03:45:52.879710,0.08600000000000001,8,2530.86444,0.087,1,0xcaf00370,0,0,8,4672,4672,0,1,0,6,1,0,30,1,2,1,1,1,2
365292,2025-01-31 03:45:52.929038,49.327999999999996,8,2530.913768,49.328,7,0xcaf00370,0,0,8,4818,4818,1,1,0,6,1,0,30,1,2,1,1,0,2
365294,2025-01-31 03:45:52.929059,0.020999999999999998,8,2530.913788,0.02,1,0xcaf00370,0,0,8,4818,4818,1,1,0,6,1,0,30,1,2,1,1,0,2
367316,2025-01-31 03:45:52.989335,60.276,8,2530.974064,60.276,7,0xcaf00370,0,0,8,5038,5038,2,0,0,6,1,0,28,1,2,1,1,0,2
367317,2025-01-31 03:45:52.989361,0.026,8,2530.974091,0.027,1,0xcaf00370,0,0,8,5038,5038,2,0,0,6,1,0,28,1,2,1,1,0,2
368944,2025-01-31 03:45:53.038460,49.099,8,2531.02319,49.099,7,0xcaf00370,0,0,8,5038,5038,3,1,0,31,1,0,2,1,0,1,6,248,1
368945,2025-01-31 03:45:53.038486,0.026,8,2531.023216,0.026,1,0xcaf00370,0,0,8,5038,5038,3,1,0,31,1,0,2,1,0,1,6,248,1
370962,2025-01-31 03:45:53.098664,60.178000000000004,8,2531.083393,60.177,7,0xcaf00370,0,0,8,6689,6689,0,0,0,6,1,0,30,1,2,1,1,0,2
370965,2025-01-31 03:45:53.098691,0.027,8,2531.08342,0.027,1,0xcaf00370,0,0,8,6689,6689,0,0,0,6,1,0,30,1,2,1,1,0,2
372581,2025-01-31 03:45:53.148865,50.17400000000001,8,2531.133594,50.174,7,0xcaf00370,0,0,8,6689,6689,1,1,0,32,1,0,0,1,0,0,6,132,0
372584,2025-01-31 03:45:53.148913,0.048,8,2531.133642,0.048,1,0xcaf00370,0,0,8,6689,6689,1,1,0,32,1,0,0,1,0,0,6,132,0
374632,2025-01-31 03:45:53.209040,60.127,8,2531.193769,60.127,7,0xcaf00370,0,0,8,6913,6913,2,1,0,6,1,0,30,1,2,1,1,250,2
374633,2025-01-31 03:45:53.209069,0.029,8,2531.193799,0.03,1,0xcaf00370,0,0,8,6913,6913,2,1,0,6,1,0,30,1,2,1,1,250,2
376299,2025-01-31 03:45:53.258840,49.771,8,2531.24357,49.771,7,0xcaf00370,0,0,8,7095,7095,3,1,0,6,1,0,30,1,2,1,1,253,2
376300,2025-01-31 03:45:53.258873,0.033,8,2531.243602,0.032,1,0xcaf00370,0,0,8,7095,7095,3,1,0,6,1,0,30,1,2,1,1,253,2
378659,2025-01-31 03:45:53.329633,70.76,8,2531.314362,70.76,7,0xcaf00370,0,0,8,2034,2034,0,0,0,6,1,0,25,1,2,1,1,1,2
378661,2025-01-31 03:45:53.329669,0.036000000000000004,8,2531.314398,0.036,1,0xcaf00370,0,0,8,2034,2034,0,0,0,6,1,0,25,1,2,1,1,1,2
380279,2025-01-31 03:45:53.378864,49.195,8,2531.363594,49.196,7,0xcaf00370,0,0,8,2034,2034,1,1,0,29,1,0,5,2,0,1,9,250,1
380286,2025-01-31 03:45:53.378978,0.114,8,2531.363707,0.113,1,0xcaf00370,0,0,8,2034,2034,1,1,0,29,1,0,5,2,0,1,9,250,1
382641,2025-01-31 03:45:53.449450,70.47200000000001,8,2531.43418,70.473,7,0xcaf00370,0,0,8,2331,2331,2,1,0,6,1,0,30,1,2,1,1,251,2
382642,2025-01-31 03:45:53.449492,0.041999999999999996,8,2531.434221,0.041,1,0xcaf00370,0,0,8,2331,2331,2,1,0,6,1,0,30,1,2,1,1,251,2
384302,2025-01-31 03:45:53.498645,49.153000000000006,8,2531.483374,49.153,7,0xcaf00370,0,0,8,2387,2387,3,1,0,6,1,0,30,1,2,1,1,253,2
384303,2025-01-31 03:45:53.498688,0.043000000000000003,8,2531.483417,0.043,1,0xcaf00370,0,0,8,2387,2387,3,1,0,6,1,0,30,1,2,1,1,253,2
385920,2025-01-31 03:45:53.549440,50.751999999999995,8,2531.53417,50.753,7,0xcaf00370,0,0,8,2445,2445,0,0,0,6,1,0,30,1,2,1,1,253,2
385921,2025-01-31 03:45:53.549485,0.045000000000000005,8,2531.534215,0.045,1,0xcaf00370,0,0,8,2445,2445,0,0,0,6,1,0,30,1,2,1,1,253,2
387596,2025-01-31 03:45:53.598434,48.949,8,2531.583164,48.949,7,0xcaf00370,0,0,8,2445,2445,1,1,0,30,1,0,0,2,0,0,9,133,0
387597,2025-01-31 03:45:53.598485,0.051,8,2531.583215,0.051,1,0xcaf00370,0,0,8,2445,2445,1,1,0,30,1,0,0,2,0,0,9,133,0
389919,2025-01-31 03:45:53.669621,71.13600000000001,8,2531.654351,71.136,7,0xcaf00370,0,0,8,2704,2704,2,1,0,6,1,0,30,1,2,1,1,0,2
389920,2025-01-31 03:45:53.669673,0.052,8,2531.654403,0.052,1,0xcaf00370,0,0,8,2704,2704,2,1,0,6,1,0,30,1,2,1,1,0,2
391557,2025-01-31 03:45:53.718442,48.769,8,2531.703172,48.769,7,0xcaf00370,0,0,8,3064,3064,3,1,0,6,1,0,30,1,2,1,1,0,2
391563,2025-01-31 03:45:53.718527,0.085,8,2531.703257,0.085,1,0xcaf00370,0,0,8,3064,3064,3,1,0,6,1,0,30,1,2,1,1,0,2
393580,2025-01-31 03:45:53.779135,60.608000000000004,8,2531.763865,60.608,7,0xcaf00370,0,0,8,3222,3222,0,1,0,6,1,0,30,1,2,1,1,0,2
393587,2025-01-31 03:45:53.779291,0.156,8,2531.764021,0.156,1,0xcaf00370,0,0,8,3222,3222,0,1,0,6,1,0,30,1,2,1,1,0,2
395281,2025-01-31 03:45:53.829670,50.379,8,2531.814399,50.378,7,0xcaf00370,0,0,8,4550,4550,1,1,0,6,1,0,30,1,2,1,1,0,2
395284,2025-01-31 03:45:53.829731,0.061,8,2531.81446,0.061,1,0xcaf00370,0,0,8,4550,4550,1,1,0,6,1,0,30,1,2,1,1,0,2
397257,2025-01-31 03:45:53.889667,59.936,8,2531.874397,59.937,7,0xcaf00370,0,0,8,4672,4672,2,1,0,6,1,0,30,1,2,1,1,1,2
397259,2025-01-31 03:45:53.889733,0.066,8,2531.874462,0.065,1,0xcaf00370,0,0,8,4672,4672,2,1,0,6,1,0,30,1,2,1,1,1,2
398797,2025-01-31 03:45:53.938638,48.904999999999994,8,2531.923368,48.906,7,0xcaf00370,0,0,8,4818,4818,3,1,0,6,1,0,30,1,2,1,1,0,2
398798,2025-01-31 03:45:53.938705,0.067,8,2531.923435,0.067,1,0xcaf00370,0,0,8,4818,4818,3,1,0,6,1,0,30,1,2,1,1,0,2
400854,2025-01-31 03:45:53.998509,59.804,8,2531.983239,59.804,7,0xcaf00370,0,0,8,5038,5038,0,0,0,6,1,0,28,1,2,1,1,0,2
400856,2025-01-31 03:45:53.998579,0.06999999999999999,8,2531.983308,0.069,1,0xcaf00370,0,0,8,5038,5038,0,0,0,6,1,0,28,1,2,1,1,0,2
402484,2025-01-31 03:45:54.049386,50.806999999999995,8,2532.034115,50.807,7,0xcaf00370,0,0,8,5038,5038,1,1,0,31,1,0,2,1,0,1,6,248,1
402488,2025-01-31 03:45:54.049527,0.14100000000000001,8,2532.034257,0.142,1,0xcaf00370,0,0,8,5038,5038,1,1,0,31,1,0,2,1,0,1,6,248,1
404135,2025-01-31 03:45:54.098929,49.402,8,2532.083659,49.402,7,0xcaf00370,0,0,8,6689,6689,2,0,0,6,1,0,30,1,2,1,1,0,2
404137,2025-01-31 03:45:54.099003,0.074,8,2532.083732,0.073,1,0xcaf00370,0,0,8,6689,6689,2,0,0,6,1,0,30,1,2,1,1,0,2
405747,2025-01-31 03:45:54.149344,50.340999999999994,8,2532.134074,50.342,7,0xcaf00370,0,0,8,6689,6689,3,1,0,32,1,0,0,1,0,0,6,132,0
405749,2025-01-31 03:45:54.149419,0.075,8,2532.134149,0.075,1,0xcaf00370,0,0,8,6689,6689,3,1,0,32,1,0,0,1,0,0,6,132,0
407785,2025-01-31 03:45:54.209390,59.971,8,2532.19412,59.971,7,0xcaf00370,0,0,8,6913,6913,0,1,0,6,1,0,30,1,2,1,1,250,2
407788,2025-01-31 03:45:54.209444,0.054,8,2532.194174,0.054,1,0xcaf00370,0,0,8,6913,6913,0,1,0,6,1,0,30,1,2,1,1,250,2
409503,2025-01-31 03:45:54.258849,49.404999999999994,8,2532.243579,49.405,7,0xcaf00370,0,0,8,7095,7095,1,1,0,6,1,0,30,1,2,1,1,253,2
409506,2025-01-31 03:45:54.258928,0.079,8,2532.243658,0.079,1,0xcaf00370,0,0,8,7095,7095,1,1,0,6,1,0,30,1,2,1,1,253,2
411460,2025-01-31 03:45:54.318329,59.401,8,2532.303058,59.4,7,0xcaf00370,0,0,8,2034,2034,2,0,0,6,1,0,25,1,2,1,1,1,2
411470,2025-01-31 03:45:54.318503,0.174,8,2532.303233,0.175,1,0xcaf00370,0,0,8,2034,2034,2,0,0,6,1,0,25,1,2,1,1,1,2
413111,2025-01-31 03:45:54.368995,50.492000000000004,8,2532.353724,50.491,1,0xcaf00370,0,0,8,2034,2034,3,1,0,29,1,0,5,2,0,1,9,250,1
413125,2025-01-31 03:45:54.369311,0.316,8,2532.354041,0.317,7,0xcaf00370,0,0,8,2034,2034,3,1,0,29,1,0,5,2,0,1,9,250,1
414905,2025-01-31 03:45:54.418782,49.471000000000004,8,2532.403512,49.471,1,0xcaf00370,0,0,8,2331,2331,0,1,0,6,1,0,30,1,2,1,1,251,2
414906,2025-01-31 03:45:54.418789,0.007,8,2532.403518,0.006,7,0xcaf00370,0,0,8,2331,2331,0,1,0,6,1,0,30,1,2,1,1,251,2
416550,2025-01-31 03:45:54.468942,50.153000000000006,8,2532.453672,50.154,1,0xcaf00370,0,0,8,2387,2387,1,1,0,6,1,0,30,1,2,1,1,253,2
416573,2025-01-31 03:45:54.469449,0.507,8,2532.454178,0.506,7,0xcaf00370,0,0,8,2387,2387,1,1,0,6,1,0,30,1,2,1,1,253,2
418617,2025-01-31 03:45:54.529280,59.831,8,2532.514009,59.831,1,0xcaf00370,0,0,8,2445,2445,2,0,0,6,1,0,30,1,2,1,1,253,2
418618,2025-01-31 03:45:54.529319,0.039,8,2532.514048,0.039,7,0xcaf00370,0,0,8,2445,2445,2,0,0,6,1,0,30,1,2,1,1,253,2
420171,2025-01-31 03:45:54.579065,49.745999999999995,8,2532.563794,49.746,7,0xcaf00370,0,0,8,2445,2445,3,1,0,30,1,0,0,2,0,0,9,133,0
420179,2025-01-31 03:45:54.579216,0.15100000000000002,8,2532.563945,0.151,1,0xcaf00370,0,0,8,2445,2445,3,1,0,30,1,0,0,2,0,0,9,133,0
421862,2025-01-31 03:45:54.629339,50.123,8,2532.614068,50.123,1,0xcaf00370,0,0,8,2704,2704,0,1,0,6,1,0,30,1,2,1,1,0,2
421865,2025-01-31 03:45:54.629430,0.091,8,2532.61416,0.092,7,0xcaf00370,0,0,8,2704,2704,0,1,0,6,1,0,30,1,2,1,1,0,2
423472,2025-01-31 03:45:54.679608,50.178,8,2532.664337,50.177,7,0xcaf00370,0,0,8,3064,3064,1,1,0,6,1,0,30,1,2,1,1,0,2
423486,2025-01-31 03:45:54.679874,0.266,8,2532.664604,0.267,1,0xcaf00370,0,0,8,3064,3064,1,1,0,6,1,0,30,1,2,1,1,0,2
425738,2025-01-31 03:45:54.748935,69.06099999999999,8,2532.733665,69.061,1,0xcaf00370,0,0,8,3222,3222,2,1,0,6,1,0,30,1,2,1,1,0,2
425748,2025-01-31 03:45:54.749148,0.213,8,2532.733878,0.213,7,0xcaf00370,0,0,8,3222,3222,2,1,0,6,1,0,30,1,2,1,1,0,2
427375,2025-01-31 03:45:54.798412,49.264,8,2532.783142,49.264,7,0xcaf00370,0,0,8,4550,4550,3,1,0,6,1,0,30,1,2,1,1,0,2
427377,2025-01-31 03:45:54.798498,0.08600000000000001,8,2532.783228,0.086,1,0xcaf00370,0,0,8,4550,4550,3,1,0,6,1,0,30,1,2,1,1,0,2
429317,2025-01-31 03:45:54.858830,60.331999999999994,8,2532.84356,60.332,7,0xcaf00370,0,0,8,4672,4672,0,1,0,6,1,0,30,1,2,1,1,1,2
429336,2025-01-31 03:45:54.859236,0.406,8,2532.843965,0.405,1,0xcaf00370,0,0,8,4672,4672,0,1,0,6,1,0,30,1,2,1,1,1,2
430975,2025-01-31 03:45:54.908915,49.679,8,2532.893644,49.679,1,0xcaf00370,0,0,8,4818,4818,1,1,0,6,1,0,30,1,2,1,1,0,2
430987,2025-01-31 03:45:54.909136,0.221,8,2532.893865,0.221,7,0xcaf00370,0,0,8,4818,4818,1,1,0,6,1,0,30,1,2,1,1,0,2
432906,2025-01-31 03:45:54.968926,59.790000000000006,8,2532.953656,59.791,1,0xcaf00370,0,0,8,5038,5038,2,0,0,6,1,0,28,1,2,1,1,0,2
432919,2025-01-31 03:45:54.969260,0.33399999999999996,8,2532.95399,0.334,7,0xcaf00370,0,0,8,5038,5038,2,0,0,6,1,0,28,1,2,1,1,0,2
434573,2025-01-31 03:45:55.018705,49.445,8,2533.003435,49.445,7,0xcaf00370,0,0,8,5038,5038,3,1,0,31,1,0,2,1,0,1,6,248,1
434574,2025-01-31 03:45:55.018735,0.030000000000000002,8,2533.003465,0.03,1,0xcaf00370,0,0,8,5038,5038,3,1,0,31,1,0,2,1,0,1,6,248,1
436548,2025-01-31 03:45:55.079025,60.290000000000006,8,2533.063754,60.289,1,0xcaf00370,0,0,8,6689,6689,0,0,0,6,1,0,30,1,2,1,1,0,2
436552,2025-01-31 03:45:55.079134,0.10900000000000001,8,2533.063863,0.109,7,0xcaf00370,0,0,8,6689,6689,0,0,0,6,1,0,30,1,2,1,1,0,2
438232,2025-01-31 03:45:55.129143,50.009,8,2533.113872,50.009,1,0xcaf00370,0,0,8,6689,6689,1,1,0,32,1,0,0,1,0,0,6,132,0
438237,2025-01-31 03:45:55.129276,0.133,8,2533.114005,0.133,7,0xcaf00370,0,0,8,6689,6689,1,1,0,32,1,0,0,1,0,0,6,132,0
441154,2025-01-31 03:45:55.218240,88.964,8,2533.202969,88.964,7,0xcaf00370,0,0,8,6913,6913,2,1,0,6,1,0,30,1,2,1,1,250,2
441157,2025-01-31 03:45:55.218296,0.056,8,2533.203026,0.057,1,0xcaf00370,0,0,8,6913,6913,2,1,0,6,1,0,30,1,2,1,1,250,2
442797,2025-01-31 03:45:55.268614,50.318000000000005,8,2533.253344,50.318,1,0xcaf00370,0,0,8,7095,7095,3,1,0,6,1,0,30,1,2,1,1,253,2
442804,2025-01-31 03:45:55.268771,0.157,8,2533.2535,0.156,7,0xcaf00370,0,0,8,7095,7095,3,1,0,6,1,0,30,1,2,1,1,253,2
444435,2025-01-31 03:45:55.318483,49.711999999999996,8,2533.303212,49.712,7,0xcaf00370,0,0,8,2034,2034,0,0,0,6,1,0,25,1,2,1,1,1,2
444443,2025-01-31 03:45:55.318725,0.242,8,2533.303455,0.243,1,0xcaf00370,0,0,8,2034,2034,0,0,0,6,1,0,25,1,2,1,1,1,2
446098,2025-01-31 03:45:55.368762,50.037,8,2533.353492,50.037,7,0xcaf00370,0,0,8,2034,2034,1,1,0,29,1,0,5,2,0,1,9,250,1
446106,2025-01-31 03:45:55.368875,0.11299999999999999,8,2533.353605,0.113,1,0xcaf00370,0,0,8,2034,2034,1,1,0,29,1,0,5,2,0,1,9,250,1
447757,2025-01-31 03:45:55.418393,49.518,8,2533.403123,49.518,7,0xcaf00370,0,0,8,2331,2331,2,1,0,6,1,0,30,1,2,1,1,251,2
447762,2025-01-31 03:45:55.418471,0.078,8,2533.403201,0.078,1,0xcaf00370,0,0,8,2331,2331,2,1,0,6,1,0,30,1,2,1,1,251,2
449356,2025-01-31 03:45:55.468565,50.094,8,2533.453294,50.093,7,0xcaf00370,0,0,8,2387,2387,3,1,0,6,1,0,30,1,2,1,1,253,2
449358,2025-01-31 03:45:55.468621,0.056,8,2533.453351,0.057,1,0xcaf00370,0,0,8,2387,2387,3,1,0,6,1,0,30,1,2,1,1,253,2
451047,2025-01-31 03:45:55.518594,49.973,8,2533.503323,49.972,7,0xcaf00370,0,0,8,2445,2445,0,0,0,6,1,0,30,1,2,1,1,253,2
451050,2025-01-31 03:45:55.518686,0.092,8,2533.503416,0.093,1,0xcaf00370,0,0,8,2445,2445,0,0,0,6,1,0,30,1,2,1,1,253,2
452669,2025-01-31 03:45:55.568594,49.908,8,2533.553324,49.908,7,0xcaf00370,0,0,8,2445,2445,1,1,0,30,1,0,0,2,0,0,9,133,0
452671,2025-01-31 03:45:55.568649,0.055,8,2533.553378,0.054,1,0xcaf00370,0,0,8,2445,2445,1,1,0,30,1,0,0,2,0,0,9,133,0
454319,2025-01-31 03:45:55.618813,50.164,8,2533.603542,50.164,7,0xcaf00370,0,0,8,2704,2704,2,1,0,6,1,0,30,1,2,1,1,0,2
454323,2025-01-31 03:45:55.618925,0.112,8,2533.603655,0.113,1,0xcaf00370,0,0,8,2704,2704,2,1,0,6,1,0,30,1,2,1,1,0,2
455914,2025-01-31 03:45:55.668563,49.638,8,2533.653293,49.638,7,0xcaf00370,0,0,8,3064,3064,3,1,0,6,1,0,30,1,2,1,1,0,2
455916,2025-01-31 03:45:55.668595,0.032,8,2533.653325,0.032,1,0xcaf00370,0,0,8,3064,3064,3,1,0,6,1,0,30,1,2,1,1,0,2
458008,2025-01-31 03:45:55.729477,60.882,8,2533.714207,60.882,7,0xcaf00370,0,0,8,3222,3222,0,1,0,6,1,0,30,1,2,1,1,0,2
458011,2025-01-31 03:45:55.729597,0.12000000000000001,8,2533.714326,0.119,1,0xcaf00370,0,0,8,3222,3222,0,1,0,6,1,0,30,1,2,1,1,0,2
459613,2025-01-31 03:45:55.779150,49.553,8,2533.763879,49.553,1,0xcaf00370,0,0,8,4550,4550,1,1,0,6,1,0,30,1,2,1,1,0,2
459616,2025-01-31 03:45:55.779222,0.07200000000000001,8,2533.763951,0.072,7,0xcaf00370,0,0,8,4550,4550,1,1,0,6,1,0,30,1,2,1,1,0,2
461611,2025-01-31 03:45:55.838601,59.379,8,2533.82333,59.379,7,0xcaf00370,0,0,8,4672,4672,2,1,0,6,1,0,30,1,2,1,1,1,2
461615,2025-01-31 03:45:55.838732,0.131,8,2533.823461,0.131,1,0xcaf00370,0,0,8,4672,4672,2,1,0,6,1,0,30,1,2,1,1,1,2
463306,2025-01-31 03:45:55.888812,50.08,8,2533.873542,50.081,7,0xcaf00370,0,0,8,4818,4818,3,1,0,6,1,0,30,1,2,1,1,0,2
463315,2025-01-31 03:45:55.889199,0.38699999999999996,8,2533.873928,0.386,1,0xcaf00370,0,0,8,4818,4818,3,1,0,6,1,0,30,1,2,1,1,0,2
465223,2025-01-31 03:45:55.948756,59.557,8,2533.933486,59.558,7,0xcaf00370,0,0,8,5038,5038,0,0,0,6,1,0,28,1,2,1,1,0,2
465228,2025-01-31 03:45:55.948902,0.146,8,2533.933631,0.145,1,0xcaf00370,0,0,8,5038,5038,0,0,0,6,1,0,28,1,2,1,1,0,2
466941,2025-01-31 03:45:55.998596,49.694,8,2533.983325,49.694,7,0xcaf00370,0,0,8,5038,5038,1,1,0,31,1,0,2,1,0,1,6,248,1
466947,2025-01-31 03:45:55.998746,0.15,8,2533.983476,0.151,1,0xcaf00370,0,0,8,5038,5038,1,1,0,31,1,0,2,1,0,1,6,248,1
468941,2025-01-31 03:45:56.058937,60.191,8,2534.043666,60.19,7,0xcaf00370,0,0,8,6689,6689,2,0,0,6,1,0,30,1,2,1,1,0,2
468946,2025-01-31 03:45:56.059093,0.156,8,2534.043822,0.156,1,0xcaf00370,0,0,8,6689,6689,2,0,0,6,1,0,30,1,2,1,1,0,2
470573,2025-01-31 03:45:56.108720,49.626999999999995,8,2534.09345,49.628,7,0xcaf00370,0,0,8,6689,6689,3,1,0,32,1,0,0,1,0,0,6,132,0
470581,2025-01-31 03:45:56.108879,0.159,8,2534.093608,0.158,1,0xcaf00370,0,0,8,6689,6689,3,1,0,32,1,0,0,1,0,0,6,132,0
472539,2025-01-31 03:45:56.168808,59.929,8,2534.153537,59.929,7,0xcaf00370,0,0,8,6913,6913,0,1,0,6,1,0,30,1,2,1,1,250,2
472546,2025-01-31 03:45:56.169013,0.205,8,2534.153742,0.205,1,0xcaf00370,0,0,8,6913,6913,0,1,0,6,1,0,30,1,2,1,1,250,2
474243,2025-01-31 03:45:56.218692,49.679,8,2534.203422,49.68,1,0xcaf00370,0,0,8,7095,7095,1,1,0,6,1,0,30,1,2,1,1,253,2
474246,2025-01-31 03:45:56.218746,0.054,8,2534.203475,0.053,7,0xcaf00370,0,0,8,7095,7095,1,1,0,6,1,0,30,1,2,1,1,253,2
476228,2025-01-31 03:45:56.279372,60.626,8,2534.264102,60.627,7,0xcaf00370,0,0,8,2034,2034,2,0,0,6,1,0,25,1,2,1,1,1,2
476237,2025-01-31 03:45:56.279580,0.208,8,2534.26431,0.208,1,0xcaf00370,0,0,8,2034,2034,2,0,0,6,1,0,25,1,2,1,1,1,2
477898,2025-01-31 03:45:56.328969,49.389,8,2534.313698,49.388,7,0xcaf00370,0,0,8,2034,2034,3,1,0,29,1,0,5,2,0,1,9,250,1
477901,2025-01-31 03:45:56.329122,0.153,8,2534.313851,0.153,1,0xcaf00370,0,0,8,2034,2034,3,1,0,29,1,0,5,2,0,1,9,250,1
479996,2025-01-31 03:45:56.391892,62.77,8,2534.376622,62.771,7,0xcaf00370,0,0,8,2331,2331,0,1,0,6,1,0,30,1,2,1,1,251,2
480005,2025-01-31 03:45:56.392157,0.265,8,2534.376886,0.264,1,0xcaf00370,0,0,8,2331,2331,0,1,0,6,1,0,30,1,2,1,1,251,2
481512,2025-01-31 03:45:56.438822,46.665,8,2534.423552,46.666,7,0xcaf00370,0,0,8,2387,2387,1,1,0,6,1,0,30,1,2,1,1,253,2
481514,2025-01-31 03:45:56.438970,0.148,8,2534.4237,0.148,1,0xcaf00370,0,0,8,2387,2387,1,1,0,6,1,0,30,1,2,1,1,253,2
483503,2025-01-31 03:45:56.498803,59.833,8,2534.483533,59.833,7,0xcaf00370,0,0,8,2445,2445,2,0,0,6,1,0,30,1,2,1,1,253,2
483504,2025-01-31 03:45:56.498948,0.145,8,2534.483678,0.145,1,0xcaf00370,0,0,8,2445,2445,2,0,0,6,1,0,30,1,2,1,1,253,2
485133,2025-01-31 03:45:56.549133,50.185,8,2534.533863,50.185,7,0xcaf00370,0,0,8,2445,2445,3,1,0,30,1,0,0,2,0,0,9,133,0
485135,2025-01-31 03:45:56.549275,0.14200000000000002,8,2534.534005,0.142,1,0xcaf00370,0,0,8,2445,2445,3,1,0,30,1,0,0,2,0,0,9,133,0
487099,2025-01-31 03:45:56.609141,59.866,8,2534.593871,59.866,7,0xcaf00370,0,0,8,2704,2704,0,1,0,6,1,0,30,1,2,1,1,0,2
487100,2025-01-31 03:45:56.609279,0.13799999999999998,8,2534.594009,0.138,1,0xcaf00370,0,0,8,2704,2704,0,1,0,6,1,0,30,1,2,1,1,0,2
488712,2025-01-31 03:45:56.659294,50.01499999999999,8,2534.644023,50.014,7,0xcaf00370,0,0,8,3064,3064,1,1,0,6,1,0,30,1,2,1,1,0,2
488713,2025-01-31 03:45:56.659323,0.029,8,2534.644052,0.029,1,0xcaf00370,0,0,8,3064,3064,1,1,0,6,1,0,30,1,2,1,1,0,2
491126,2025-01-31 03:45:56.729076,69.753,8,2534.713806,69.754,7,0xcaf00370,0,0,8,3222,3222,2,1,0,6,1,0,30,1,2,1,1,0,2
491127,2025-01-31 03:45:56.729208,0.132,8,2534.713938,0.132,1,0xcaf00370,0,0,8,3222,3222,2,1,0,6,1,0,30,1,2,1,1,0,2
492719,2025-01-31 03:45:56.779059,49.851,8,2534.763789,49.851,1,0xcaf00370,0,0,8,4550,4550,3,1,0,6,1,0,30,1,2,1,1,0,2
492723,2025-01-31 03:45:56.779242,0.183,8,2534.763971,0.182,7,0xcaf00370,0,0,8,4550,4550,3,1,0,6,1,0,30,1,2,1,1,0,2
494742,2025-01-31 03:45:56.838539,59.297000000000004,8,2534.823269,59.298,7,0xcaf00370,0,0,8,4672,4672,0,1,0,6,1,0,30,1,2,1,1,1,2
494744,2025-01-31 03:45:56.838667,0.128,8,2534.823396,0.127,1,0xcaf00370,0,0,8,4672,4672,0,1,0,6,1,0,30,1,2,1,1,1,2
496455,2025-01-31 03:45:56.888732,50.065,8,2534.873461,50.065,7,0xcaf00370,0,0,8,4818,4818,1,1,0,6,1,0,30,1,2,1,1,0,2
496461,2025-01-31 03:45:56.888900,0.16799999999999998,8,2534.87363,0.169,1,0xcaf00370,0,0,8,4818,4818,1,1,0,6,1,0,30,1,2,1,1,0,2
498348,2025-01-31 03:45:56.948691,59.791,8,2534.93342,59.79,7,0xcaf00370,0,0,8,5038,5038,2,0,0,6,1,0,28,1,2,1,1,0,2
498354,2025-01-31 03:45:56.948812,0.121,8,2534.933541,0.121,1,0xcaf00370,0,0,8,5038,5038,2,0,0,6,1,0,28,1,2,1,1,0,2
500070,2025-01-31 03:45:56.998489,49.677,8,2534.983219,49.678,7,0xcaf00370,0,0,8,5038,5038,3,1,0,31,1,0,2,1,0,1,6,248,1
500073,2025-01-31 03:45:56.998608,0.11900000000000001,8,2534.983337,0.118,1,0xcaf00370,0,0,8,5038,5038,3,1,0,31,1,0,2,1,0,1,6,248,1
502078,2025-01-31 03:45:57.059005,60.397,8,2535.043735,60.398,7,0xcaf00370,0,0,8,6689,6689,0,0,0,6,1,0,30,1,2,1,1,0,2
502080,2025-01-31 03:45:57.059113,0.108,8,2535.043842,0.107,1,0xcaf00370,0,0,8,6689,6689,0,0,0,6,1,0,30,1,2,1,1,0,2
503734,2025-01-31 03:45:57.108689,49.576,8,2535.093418,49.576,7,0xcaf00370,0,0,8,6689,6689,1,1,0,32,1,0,0,1,0,0,6,132,0
503738,2025-01-31 03:45:57.108787,0.098,8,2535.093516,0.098,1,0xcaf00370,0,0,8,6689,6689,1,1,0,32,1,0,0,1,0,0,6,132,0
505369,2025-01-31 03:45:57.159381,50.594,8,2535.144111,50.595,7,0xcaf00370,0,0,8,6913,6913,2,1,0,6,1,0,30,1,2,1,1,250,2
505370,2025-01-31 03:45:57.159468,0.087,8,2535.144197,0.086,1,0xcaf00370,0,0,8,6913,6913,2,1,0,6,1,0,30,1,2,1,1,250,2
507101,2025-01-31 03:45:57.208744,49.276,8,2535.193473,49.276,7,0xcaf00370,0,0,8,7095,7095,3,1,0,6,1,0,30,1,2,1,1,253,2
507105,2025-01-31 03:45:57.208983,0.23900000000000002,8,2535.193713,0.24,1,0xcaf00370,0,0,8,7095,7095,3,1,0,6,1,0,30,1,2,1,1,253,2
509168,2025-01-31 03:45:57.268708,59.725,8,2535.253438,59.725,7,0xcaf00370,0,0,8,2034,2034,0,0,0,6,1,0,25,1,2,1,1,1,2
509170,2025-01-31 03:45:57.268779,0.07100000000000001,8,2535.253508,0.07,1,0xcaf00370,0,0,8,2034,2034,0,0,0,6,1,0,25,1,2,1,1,1,2
510786,2025-01-31 03:45:57.318625,49.846000000000004,8,2535.303354,49.846,7,0xcaf00370,0,0,8,2034,2034,1,1,0,29,1,0,5,2,0,1,9,250,1
510788,2025-01-31 03:45:57.318686,0.061,8,2535.303416,0.062,1,0xcaf00370,0,0,8,2034,2034,1,1,0,29,1,0,5,2,0,1,9,250,1
513294,2025-01-31 03:45:57.393241,74.55499999999999,8,2535.377971,74.555,1,0xcaf00370,0,0,8,2331,2331,2,1,0,6,1,0,30,1,2,1,1,251,2
513310,2025-01-31 03:45:57.393555,0.314,8,2535.378285,0.314,7,0xcaf00370,0,0,8,2331,2331,2,1,0,6,1,0,30,1,2,1,1,251,2
514893,2025-01-31 03:45:57.438556,45.001,8,2535.423286,45.001,7,0xcaf00370,0,0,8,2387,2387,3,1,0,6,1,0,30,1,2,1,1,253,2
514894,2025-01-31 03:45:57.438600,0.044,8,2535.42333,0.044,1,0xcaf00370,0,0,8,2387,2387,3,1,0,6,1,0,30,1,2,1,1,253,2
516905,2025-01-31 03:45:57.498566,59.966,8,2535.483296,59.966,7,0xcaf00370,0,0,8,2445,2445,0,0,0,6,1,0,30,1,2,1,1,253,2
516906,2025-01-31 03:45:57.498599,0.033,8,2535.483328,0.032,1,0xcaf00370,0,0,8,2445,2445,0,0,0,6,1,0,30,1,2,1,1,253,2
518534,2025-01-31 03:45:57.548621,50.022,8,2535.53335,50.022,7,0xcaf00370,0,0,8,2445,2445,1,1,0,30,1,0,0,2,0,0,9,133,0
518537,2025-01-31 03:45:57.548669,0.048,8,2535.533399,0.049,1,0xcaf00370,0,0,8,2445,2445,1,1,0,30,1,0,0,2,0,0,9,133,0
520889,2025-01-31 03:45:57.618963,70.294,8,2535.603693,70.294,7,0xcaf00370,0,0,8,2704,2704,2,1,0,6,1,0,30,1,2,1,1,0,2
520890,2025-01-31 03:45:57.618977,0.014,8,2535.603706,0.013,1,0xcaf00370,0,0,8,2704,2704,2,1,0,6,1,0,30,1,2,1,1,0,2
522578,2025-01-31 03:45:57.668856,49.879,8,2535.653586,49.88,7,0xcaf00370,0,0,8,3064,3064,3,1,0,6,1,0,30,1,2,1,1,0,2
522579,2025-01-31 03:45:57.668864,0.008,8,2535.653594,0.008,1,0xcaf00370,0,0,8,3064,3064,3,1,0,6,1,0,30,1,2,1,1,0,2
524275,2025-01-31 03:45:57.719200,50.336,8,2535.703929,50.335,1,0xcaf00370,0,0,8,3222,3222,0,1,0,6,1,0,30,1,2,1,1,0,2
524276,2025-01-31 03:45:57.719202,0.002,8,2535.703931,0.002,7,0xcaf00370,0,0,8,3222,3222,0,1,0,6,1,0,30,1,2,1,1,0,2
525980,2025-01-31 03:45:57.769145,49.943,8,2535.753875,49.944,1,0xcaf00370,0,0,8,4550,4550,1,1,0,6,1,0,30,1,2,1,1,0,2
525981,2025-01-31 03:45:57.769156,0.011,8,2535.753886,0.011,7,0xcaf00370,0,0,8,4550,4550,1,1,0,6,1,0,30,1,2,1,1,0,2
528013,2025-01-31 03:45:57.829439,60.283,8,2535.814168,60.282,1,0xcaf00370,0,0,8,4672,4672,2,1,0,6,1,0,30,1,2,1,1,1,2
528014,2025-01-31 03:45:57.829457,0.018000000000000002,8,2535.814187,0.019,7,0xcaf00370,0,0,8,4672,4672,2,1,0,6,1,0,30,1,2,1,1,1,2
529640,2025-01-31 03:45:57.878976,49.519,8,2535.863706,49.519,1,0xcaf00370,0,0,8,4818,4818,3,1,0,6,1,0,30,1,2,1,1,0,2
529647,2025-01-31 03:45:57.879220,0.244,8,2535.863949,0.243,7,0xcaf00370,0,0,8,4818,4818,3,1,0,6,1,0,30,1,2,1,1,0,2
531944,2025-01-31 03:45:57.949305,70.085,8,2535.934034,70.085,1,0xcaf00370,0,0,8,5038,5038,0,0,0,6,1,0,28,1,2,1,1,0,2
531945,2025-01-31 03:45:57.949343,0.038,8,2535.934072,0.038,7,0xcaf00370,0,0,8,5038,5038,0,0,0,6,1,0,28,1,2,1,1,0,2
533647,2025-01-31 03:45:57.998650,49.306999999999995,8,2535.98338,49.308,1,0xcaf00370,0,0,8,5038,5038,1,1,0,31,1,0,2,1,0,1,6,248,1
533648,2025-01-31 03:45:57.998697,0.047,8,2535.983427,0.047,7,0xcaf00370,0,0,8,5038,5038,1,1,0,31,1,0,2,1,0,1,6,248,1
535355,2025-01-31 03:45:58.048689,49.992000000000004,8,2536.033418,49.991,7,0xcaf00370,0,0,8,6689,6689,2,0,0,6,1,0,30,1,2,1,1,0,2
535367,2025-01-31 03:45:58.048986,0.297,8,2536.033716,0.298,1,0xcaf00370,0,0,8,6689,6689,2,0,0,6,1,0,30,1,2,1,1,0,2
537017,2025-01-31 03:45:58.098694,49.708000000000006,8,2536.083424,49.708,1,0xcaf00370,0,0,8,6689,6689,3,1,0,32,1,0,0,1,0,0,6,132,0
537019,2025-01-31 03:45:58.098748,0.054,8,2536.083478,0.054,7,0xcaf00370,0,0,8,6689,6689,3,1,0,32,1,0,0,1,0,0,6,132,0
539672,2025-01-31 03:45:58.179586,80.838,8,2536.164315,80.837,7,0xcaf00370,0,0,8,6913,6913,0,1,0,6,1,0,30,1,2,1,1,250,2
539674,2025-01-31 03:45:58.179625,0.039,8,2536.164354,0.039,1,0xcaf00370,0,0,8,6913,6913,0,1,0,6,1,0,30,1,2,1,1,250,2
541483,2025-01-31 03:45:58.229757,50.132000000000005,8,2536.214486,50.132,7,0xcaf00370,0,0,8,7095,7095,1,1,0,6,1,0,30,1,2,1,1,253,2
541485,2025-01-31 03:45:58.229810,0.053,8,2536.214539,0.053,1,0xcaf00370,0,0,8,7095,7095,1,1,0,6,1,0,30,1,2,1,1,253,2
543150,2025-01-31 03:45:58.279208,49.397999999999996,8,2536.263938,49.399,1,0xcaf00370,0,0,8,2034,2034,2,0,0,6,1,0,25,1,2,1,1,1,2
543151,2025-01-31 03:45:58.279218,0.01,8,2536.263948,0.01,7,0xcaf00370,0,0,8,2034,2034,2,0,0,6,1,0,25,1,2,1,1,1,2
544808,2025-01-31 03:45:58.329237,50.019,8,2536.313966,50.018,7,0xcaf00370,0,0,8,2034,2034,3,1,0,29,1,0,5,2,0,1,9,250,1
544810,2025-01-31 03:45:58.329435,0.19799999999999998,8,2536.314164,0.198,1,0xcaf00370,0,0,8,2034,2034,3,1,0,29,1,0,5,2,0,1,9,250,1
546958,2025-01-31 03:45:58.394354,64.91900000000001,8,2536.379084,64.92,7,0xcaf00370,0,0,8,2331,2331,0,1,0,6,1,0,30,1,2,1,1,251,2
546967,2025-01-31 03:45:58.394581,0.22699999999999998,8,2536.379311,0.227,1,0xcaf00370,0,0,8,2331,2331,0,1,0,6,1,0,30,1,2,1,1,251,2
548467,2025-01-31 03:45:58.438524,43.943000000000005,8,2536.423254,43.943,7,0xcaf00370,0,0,8,2387,2387,1,1,0,6,1,0,30,1,2,1,1,253,2
548471,2025-01-31 03:45:58.438880,0.356,8,2536.42361,0.356,1,0xcaf00370,0,0,8,2387,2387,1,1,0,6,1,0,30,1,2,1,1,253,2
550506,2025-01-31 03:45:58.498336,59.456,8,2536.483065,59.455,7,0xcaf00370,0,0,8,2445,2445,2,0,0,6,1,0,30,1,2,1,1,253,2
550517,2025-01-31 03:45:58.498890,0.554,8,2536.48362,0.555,1,0xcaf00370,0,0,8,2445,2445,2,0,0,6,1,0,30,1,2,1,1,253,2
552169,2025-01-31 03:45:58.548898,50.007999999999996,8,2536.533627,50.007,7,0xcaf00370,0,0,8,2445,2445,3,1,0,30,1,0,0,2,0,0,9,133,0
552188,2025-01-31 03:45:58.549465,0.5670000000000001,8,2536.534194,0.567,1,0xcaf00370,0,0,8,2445,2445,3,1,0,30,1,0,0,2,0,0,9,133,0
554185,2025-01-31 03:45:58.608740,59.275,8,2536.593469,59.275,7,0xcaf00370,0,0,8,2704,2704,0,1,0,6,1,0,30,1,2,1,1,0,2
554203,2025-01-31 03:45:58.609502,0.762,8,2536.594231,0.762,1,0xcaf00370,0,0,8,2704,2704,0,1,0,6,1,0,30,1,2,1,1,0,2
555835,2025-01-31 03:45:58.658997,49.495,8,2536.643726,49.495,7,0xcaf00370,0,0,8,3064,3064,1,1,0,6,1,0,30,1,2,1,1,0,2
555847,2025-01-31 03:45:58.659673,0.6759999999999999,8,2536.644402,0.676,1,0xcaf00370,0,0,8,3064,3064,1,1,0,6,1,0,30,1,2,1,1,0,2
557593,2025-01-31 03:45:58.709346,49.673,8,2536.694076,49.674,7,0xcaf00370,0,0,8,3222,3222,2,1,0,6,1,0,30,1,2,1,1,0,2
557607,2025-01-31 03:45:58.710094,0.748,8,2536.694823,0.747,1,0xcaf00370,0,0,8,3222,3222,2,1,0,6,1,0,30,1,2,1,1,0,2
559236,2025-01-31 03:45:58.759498,49.404,8,2536.744228,49.405,7,0xcaf00370,0,0,8,4550,4550,3,1,0,6,1,0,30,1,2,1,1,0,2
559253,2025-01-31 03:45:58.760320,0.8220000000000001,8,2536.745049,0.821,1,0xcaf00370,0,0,8,4550,4550,3,1,0,6,1,0,30,1,2,1,1,0,2
561639,2025-01-31 03:45:58.829204,68.884,8,2536.813933,68.884,7,0xcaf00370,0,0,8,4672,4672,0,1,0,6,1,0,30,1,2,1,1,1,2
561648,2025-01-31 03:45:58.830126,0.9219999999999999,8,2536.814855,0.922,1,0xcaf00370,0,0,8,4672,4672,0,1,0,6,1,0,30,1,2,1,1,1,2
563259,2025-01-31 03:45:58.878514,48.388,8,2536.863243,48.388,7,0xcaf00370,0,0,8,4818,4818,1,1,0,6,1,0,30,1,2,1,1,0,2
563290,2025-01-31 03:45:58.879616,1.1019999999999999,8,2536.864346,1.103,1,0xcaf00370,0,0,8,4818,4818,1,1,0,6,1,0,30,1,2,1,1,0,2
565253,2025-01-31 03:45:58.938558,58.942,8,2536.923288,58.942,7,0xcaf00370,0,0,8,5038,5038,2,0,0,6,1,0,28,1,2,1,1,0,2
565269,2025-01-31 03:45:58.939639,1.081,8,2536.924369,1.081,1,0xcaf00370,0,0,8,5038,5038,2,0,0,6,1,0,28,1,2,1,1,0,2
567023,2025-01-31 03:45:58.989762,50.123,8,2536.974492,50.123,7,0xcaf00370,0,0,8,5038,5038,3,1,0,31,1,0,2,1,0,1,6,248,1
567048,2025-01-31 03:45:58.990784,1.0219999999999998,8,2536.975513,1.021,1,0xcaf00370,0,0,8,5038,5038,3,1,0,31,1,0,2,1,0,1,6,248,1
569038,2025-01-31 03:45:59.049204,58.42,8,2537.033933,58.42,7,0xcaf00370,0,0,8,6689,6689,0,0,0,6,1,0,30,1,2,1,1,0,2
569057,2025-01-31 03:45:59.050572,1.368,8,2537.035302,1.369,1,0xcaf00370,0,0,8,6689,6689,0,0,0,6,1,0,30,1,2,1,1,0,2
570688,2025-01-31 03:45:59.098959,48.387,8,2537.083689,48.387,7,0xcaf00370,0,0,8,6689,6689,1,1,0,32,1,0,0,1,0,0,6,132,0
570704,2025-01-31 03:45:59.100274,1.315,8,2537.085003,1.314,1,0xcaf00370,0,0,8,6689,6689,1,1,0,32,1,0,0,1,0,0,6,132,0
572703,2025-01-31 03:45:59.159683,59.409,8,2537.144413,59.41,7,0xcaf00370,0,0,8,6913,6913,2,1,0,6,1,0,30,1,2,1,1,250,2
572727,2025-01-31 03:45:59.160965,1.282,8,2537.145695,1.282,1,0xcaf00370,0,0,8,6913,6913,2,1,0,6,1,0,30,1,2,1,1,250,2
574448,2025-01-31 03:45:59.210058,49.092999999999996,8,2537.194788,49.093,7,0xcaf00370,0,0,8,7095,7095,3,1,0,6,1,0,30,1,2,1,1,253,2
574469,2025-01-31 03:45:59.211439,1.381,8,2537.196169,1.381,1,0xcaf00370,0,0,8,7095,7095,3,1,0,6,1,0,30,1,2,1,1,253,2
576469,2025-01-31 03:45:59.269670,58.230999999999995,8,2537.254399,58.23,7,0xcaf00370,0,0,8,2034,2034,0,0,0,6,1,0,25,1,2,1,1,1,2
576494,2025-01-31 03:45:59.271024,1.3539999999999999,8,2537.255754,1.355,1,0xcaf00370,0,0,8,2034,2034,0,0,0,6,1,0,25,1,2,1,1,1,2
578095,2025-01-31 03:45:59.318282,47.258,8,2537.303011,47.257,7,0xcaf00370,0,0,8,2034,2034,1,1,0,29,1,0,5,2,0,1,9,250,1
578132,2025-01-31 03:45:59.319762,1.48,8,2537.304491,1.48,1,0xcaf00370,0,0,8,2034,2034,1,1,0,29,1,0,5,2,0,1,9,250,1
580560,2025-01-31 03:45:59.390058,70.29599999999999,8,2537.374787,70.296,7,0xcaf00370,0,0,8,2331,2331,2,1,0,6,1,0,30,1,2,1,1,251,2
580584,2025-01-31 03:45:59.391394,1.3359999999999999,8,2537.376124,1.337,1,0xcaf00370,0,0,8,2331,2331,2,1,0,6,1,0,30,1,2,1,1,251,2
582161,2025-01-31 03:45:59.438560,47.166,8,2537.42329,47.166,7,0xcaf00370,0,0,8,2387,2387,3,1,0,6,1,0,30,1,2,1,1,253,2
582184,2025-01-31 03:45:59.439889,1.3290000000000002,8,2537.424618,1.328,1,0xcaf00370,0,0,8,2387,2387,3,1,0,6,1,0,30,1,2,1,1,253,2
584601,2025-01-31 03:45:59.509941,70.052,8,2537.494671,70.053,7,0xcaf00370,0,0,8,2445,2445,0,0,0,6,1,0,30,1,2,1,1,253,2
584621,2025-01-31 03:45:59.511253,1.312,8,2537.495982,1.311,1,0xcaf00370,0,0,8,2445,2445,0,0,0,6,1,0,30,1,2,1,1,253,2
586238,2025-01-31 03:45:59.559582,48.32899999999999,8,2537.544312,48.33,7,0xcaf00370,0,0,8,2445,2445,1,1,0,30,1,0,0,2,0,0,9,133,0
586268,2025-01-31 03:45:59.560881,1.299,8,2537.54561,1.298,1,0xcaf00370,0,0,8,2445,2445,1,1,0,30,1,0,0,2,0,0,9,133,0
588242,2025-01-31 03:45:59.618947,58.066,8,2537.603677,58.067,7,0xcaf00370,0,0,8,2704,2704,2,1,0,6,1,0,30,1,2,1,1,0,2
588263,2025-01-31 03:45:59.620230,1.2830000000000001,8,2537.60496,1.283,1,0xcaf00370,0,0,8,2704,2704,2,1,0,6,1,0,30,1,2,1,1,0,2
589939,2025-01-31 03:45:59.669252,49.022000000000006,8,2537.653981,49.021,7,0xcaf00370,0,0,8,3064,3064,3,1,0,6,1,0,30,1,2,1,1,0,2
589967,2025-01-31 03:45:59.670547,1.295,8,2537.655277,1.296,1,0xcaf00370,0,0,8,3064,3064,3,1,0,6,1,0,30,1,2,1,1,0,2
591626,2025-01-31 03:45:59.718766,48.219,8,2537.703496,48.219,7,0xcaf00370,0,0,8,3222,3222,0,1,0,6,1,0,30,1,2,1,1,0,2
591651,2025-01-31 03:45:59.720027,1.261,8,2537.704757,1.261,1,0xcaf00370,0,0,8,3222,3222,0,1,0,6,1,0,30,1,2,1,1,0,2
593356,2025-01-31 03:45:59.768960,48.933,8,2537.75369,48.933,7,0xcaf00370,0,0,8,4550,4550,1,1,0,6,1,0,30,1,2,1,1,0,2
593390,2025-01-31 03:45:59.770236,1.276,8,2537.754966,1.276,1,0xcaf00370,0,0,8,4550,4550,1,1,0,6,1,0,30,1,2,1,1,0,2
595400,2025-01-31 03:45:59.829047,58.811,8,2537.813776,58.81,7,0xcaf00370,0,0,8,4672,4672,2,1,0,6,1,0,30,1,2,1,1,1,2
595413,2025-01-31 03:45:59.829310,0.263,8,2537.81404,0.264,1,0xcaf00370,0,0,8,4672,4672,2,1,0,6,1,0,30,1,2,1,1,1,2
597036,2025-01-31 03:45:59.878896,49.586,8,2537.863626,49.586,7,0xcaf00370,0,0,8,4818,4818,3,1,0,6,1,0,30,1,2,1,1,0,2
597077,2025-01-31 03:45:59.880004,1.108,8,2537.864734,1.108,1,0xcaf00370,0,0,8,4818,4818,3,1,0,6,1,0,30,1,2,1,1,0,2
599357,2025-01-31 03:45:59.949234,69.23,8,2537.933963,69.229,7,0xcaf00370,0,0,8,5038,5038,0,0,0,6,1,0,28,1,2,1,1,0,2
599383,2025-01-31 03:45:59.950011,0.777,8,2537.93474,0.777,1,0xcaf00370,0,0,8,5038,5038,0,0,0,6,1,0,28,1,2,1,1,0,2
601087,2025-01-31 03:45:59.998533,48.522000000000006,8,2537.983262,48.522,7,0xcaf00370,0,0,8,5038,5038,1,1,0,31,1,0,2,1,0,1,6,248,1
601107,2025-01-31 03:45:59.999811,1.278,8,2537.984541,1.279,1,0xcaf00370,0,0,8,5038,5038,1,1,0,31,1,0,2,1,0,1,6,248,1
602762,2025-01-31 03:46:00.049124,49.313,8,2538.033853,49.312,7,0xcaf00370,0,0,8,6689,6689,2,0,0,6,1,0,30,1,2,1,1,0,2
602793,2025-01-31 03:46:00.050317,1.193,8,2538.035046,1.193,1,0xcaf00370,0,0,8,6689,6689,2,0,0,6,1,0,30,1,2,1,1,0,2
604434,2025-01-31 03:46:00.098532,48.215,8,2538.083261,48.215,7,0xcaf00370,0,0,8,6689,6689,3,1,0,32,1,0,0,1,0,0,6,132,0
604462,2025-01-31 03:46:00.099791,1.259,8,2538.08452,1.259,1,0xcaf00370,0,0,8,6689,6689,3,1,0,32,1,0,0,1,0,0,6,132,0
606450,2025-01-31 03:46:00.158940,59.149,8,2538.14367,59.15,7,0xcaf00370,0,0,8,6913,6913,0,1,0,6,1,0,30,1,2,1,1,250,2
606474,2025-01-31 03:46:00.160125,1.185,8,2538.144855,1.185,1,0xcaf00370,0,0,8,6913,6913,0,1,0,6,1,0,30,1,2,1,1,250,2
608174,2025-01-31 03:46:00.208879,48.754,8,2538.193609,48.754,7,0xcaf00370,0,0,8,7095,7095,1,1,0,6,1,0,30,1,2,1,1,253,2
608221,2025-01-31 03:46:00.210864,1.9849999999999999,8,2538.195593,1.984,1,0xcaf00370,0,0,8,7095,7095,1,1,0,6,1,0,30,1,2,1,1,253,2
610305,2025-01-31 03:46:00.268905,58.041000000000004,8,2538.253635,58.042,7,0xcaf00370,0,0,8,2034,2034,2,0,0,6,1,0,25,1,2,1,1,1,2
610343,2025-01-31 03:46:00.271095,2.19,8,2538.255824,2.189,1,0xcaf00370,0,0,8,2034,2034,2,0,0,6,1,0,25,1,2,1,1,1,2
611954,2025-01-31 03:46:00.318464,47.369,8,2538.303194,47.37,7,0xcaf00370,0,0,8,2034,2034,3,1,0,29,1,0,5,2,0,1,9,250,1
611995,2025-01-31 03:46:00.320574,2.11,8,2538.305303,2.109,1,0xcaf00370,0,0,8,2034,2034,3,1,0,29,1,0,5,2,0,1,9,250,1
613996,2025-01-31 03:46:00.378905,58.331,8,2538.363635,58.332,7,0xcaf00370,0,0,8,2331,2331,0,1,0,6,1,0,30,1,2,1,1,251,2
614073,2025-01-31 03:46:00.381382,2.477,8,2538.366111,2.476,1,0xcaf00370,0,0,8,2331,2331,0,1,0,6,1,0,30,1,2,1,1,251,2
615805,2025-01-31 03:46:00.428931,47.549,8,2538.41366,47.549,7,0xcaf00370,0,0,8,2387,2387,1,1,0,6,1,0,30,1,2,1,1,253,2
615854,2025-01-31 03:46:00.431552,2.621,8,2538.416281,2.621,1,0xcaf00370,0,0,8,2387,2387,1,1,0,6,1,0,30,1,2,1,1,253,2
617788,2025-01-31 03:46:00.489214,57.662,8,2538.473943,57.662,7,0xcaf00370,0,0,8,2445,2445,2,0,0,6,1,0,30,1,2,1,1,253,2
617899,2025-01-31 03:46:00.492189,2.975,8,2538.476918,2.975,1,0xcaf00370,0,0,8,2445,2445,2,0,0,6,1,0,30,1,2,1,1,253,2
619465,2025-01-31 03:46:00.538866,46.67700000000001,8,2538.523596,46.678,7,0xcaf00370,0,0,8,2445,2445,3,1,0,30,1,0,0,2,0,0,9,133,0
619530,2025-01-31 03:46:00.542321,3.455,8,2538.52705,3.454,1,0xcaf00370,0,0,8,2445,2445,3,1,0,30,1,0,0,2,0,0,9,133,0
621797,2025-01-31 03:46:00.608977,66.656,8,2538.593706,66.656,7,0xcaf00370,0,0,8,2704,2704,0,1,0,6,1,0,30,1,2,1,1,0,2
621907,2025-01-31 03:46:00.612792,3.815,8,2538.597521,3.815,1,0xcaf00370,0,0,8,2704,2704,0,1,0,6,1,0,30,1,2,1,1,0,2
623476,2025-01-31 03:46:00.660285,47.493,8,2538.645014,47.493,7,0xcaf00370,0,0,8,3064,3064,1,1,0,6,1,0,30,1,2,1,1,0,2
623610,2025-01-31 03:46:00.664466,4.181,8,2538.649195,4.181,1,0xcaf00370,0,0,8,3064,3064,1,1,0,6,1,0,30,1,2,1,1,0,2
625207,2025-01-31 03:46:00.709342,44.876,8,2538.694071,44.876,7,0xcaf00370,0,0,8,3222,3222,2,1,0,6,1,0,30,1,2,1,1,0,2
625315,2025-01-31 03:46:00.713490,4.148,8,2538.69822,4.149,1,0xcaf00370,0,0,8,3222,3222,2,1,0,6,1,0,30,1,2,1,1,0,2
626926,2025-01-31 03:46:00.761900,48.410000000000004,8,2538.74663,48.41,7,0xcaf00370,0,0,8,4550,4550,3,1,0,6,1,0,30,1,2,1,1,0,2
627071,2025-01-31 03:46:00.766593,4.6930000000000005,8,2538.751322,4.692,1,0xcaf00370,0,0,8,4550,4550,3,1,0,6,1,0,30,1,2,1,1,0,2
628845,2025-01-31 03:46:00.818305,51.712,8,2538.803034,51.712,7,0xcaf00370,0,0,8,4672,4672,0,1,0,6,1,0,30,1,2,1,1,1,2
629007,2025-01-31 03:46:00.823429,5.124,8,2538.808158,5.124,1,0xcaf00370,0,0,8,4672,4672,0,1,0,6,1,0,30,1,2,1,1,1,2
630574,2025-01-31 03:46:00.869269,45.839999999999996,8,2538.853999,45.841,7,0xcaf00370,0,0,8,4818,4818,1,1,0,6,1,0,30,1,2,1,1,0,2
630708,2025-01-31 03:46:00.874671,5.401999999999999,8,2538.859401,5.402,1,0xcaf00370,0,0,8,4818,4818,1,1,0,6,1,0,30,1,2,1,1,0,2
632863,2025-01-31 03:46:00.938668,63.997,8,2538.923397,63.996,7,0xcaf00370,0,0,8,5038,5038,2,0,0,6,1,0,28,1,2,1,1,0,2
633020,2025-01-31 03:46:00.944512,5.844,8,2538.929241,5.844,1,0xcaf00370,0,0,8,5038,5038,2,0,0,6,1,0,28,1,2,1,1,0,2
634602,2025-01-31 03:46:00.989122,44.61,8,2538.973852,44.611,7,0xcaf00370,0,0,8,5038,5038,3,1,0,31,1,0,2,1,0,1,6,248,1
634788,2025-01-31 03:46:00.995195,6.073,8,2538.979925,6.073,1,0xcaf00370,0,0,8,5038,5038,3,1,0,31,1,0,2,1,0,1,6,248,1
636578,2025-01-31 03:46:01.048800,53.605,8,2539.03353,53.605,7,0xcaf00370,0,0,8,6689,6689,0,0,0,6,1,0,30,1,2,1,1,0,2
636762,2025-01-31 03:46:01.055576,6.776,8,2539.040305,6.775,1,0xcaf00370,0,0,8,6689,6689,0,0,0,6,1,0,30,1,2,1,1,0,2
638264,2025-01-31 03:46:01.098543,42.967,8,2539.083273,42.968,7,0xcaf00370,0,0,8,6689,6689,1,1,0,32,1,0,0,1,0,0,6,132,0
638442,2025-01-31 03:46:01.105350,6.8069999999999995,8,2539.09008,6.807,1,0xcaf00370,0,0,8,6689,6689,1,1,0,32,1,0,0,1,0,0,6,132,0
640240,2025-01-31 03:46:01.158910,53.56,8,2539.14364,53.56,7,0xcaf00370,0,0,8,6913,6913,2,1,0,6,1,0,30,1,2,1,1,250,2
640468,2025-01-31 03:46:01.166058,7.148,8,2539.150787,7.147,1,0xcaf00370,0,0,8,6913,6913,2,1,0,6,1,0,30,1,2,1,1,250,2
642027,2025-01-31 03:46:01.209793,43.73500000000001,8,2539.194523,43.736,7,0xcaf00370,0,0,8,7095,7095,3,1,0,6,1,0,30,1,2,1,1,253,2
642212,2025-01-31 03:46:01.216594,6.801,8,2539.201323,6.8,1,0xcaf00370,0,0,8,7095,7095,3,1,0,6,1,0,30,1,2,1,1,253,2
644014,2025-01-31 03:46:01.269064,52.470000000000006,8,2539.253794,52.471,7,0xcaf00370,0,0,8,2034,2034,0,0,0,6,1,0,25,1,2,1,1,1,2
644223,2025-01-31 03:46:01.276423,7.359,8,2539.261152,7.358,1,0xcaf00370,0,0,8,2034,2034,0,0,0,6,1,0,25,1,2,1,1,1,2
645632,2025-01-31 03:46:01.318769,42.346000000000004,8,2539.303499,42.347,7,0xcaf00370,0,0,8,2034,2034,1,1,0,29,1,0,5,2,0,1,9,250,1
645854,2025-01-31 03:46:01.326210,7.441,8,2539.310939,7.44,1,0xcaf00370,0,0,8,2034,2034,1,1,0,29,1,0,5,2,0,1,9,250,1
647676,2025-01-31 03:46:01.379411,53.201,8,2539.36414,53.201,7,0xcaf00370,0,0,8,2331,2331,2,1,0,6,1,0,30,1,2,1,1,251,2
647911,2025-01-31 03:46:01.386550,7.139,8,2539.37128,7.14,1,0xcaf00370,0,0,8,2331,2331,2,1,0,6,1,0,30,1,2,1,1,251,2
649353,2025-01-31 03:46:01.428822,42.272,8,2539.413551,42.271,7,0xcaf00370,0,0,8,2387,2387,3,1,0,6,1,0,30,1,2,1,1,253,2
649561,2025-01-31 03:46:01.436462,7.64,8,2539.421191,7.64,1,0xcaf00370,0,0,8,2387,2387,3,1,0,6,1,0,30,1,2,1,1,253,2
651321,2025-01-31 03:46:01.488779,52.317,8,2539.473508,52.317,7,0xcaf00370,0,0,8,2445,2445,0,0,0,6,1,0,30,1,2,1,1,253,2
651606,2025-01-31 03:46:01.496692,7.913,8,2539.481422,7.914,1,0xcaf00370,0,0,8,2445,2445,0,0,0,6,1,0,30,1,2,1,1,253,2
653003,2025-01-31 03:46:01.538529,41.836999999999996,8,2539.523258,41.836,7,0xcaf00370,0,0,8,2445,2445,1,1,0,30,1,0,0,2,0,0,9,133,0
653215,2025-01-31 03:46:01.546371,7.842,8,2539.5311,7.842,1,0xcaf00370,0,0,8,2445,2445,1,1,0,30,1,0,0,2,0,0,9,133,0
654731,2025-01-31 03:46:01.589173,42.802,8,2539.573903,42.803,7,0xcaf00370,0,0,8,2704,2704,2,1,0,6,1,0,30,1,2,1,1,0,2
654973,2025-01-31 03:46:01.597105,7.9319999999999995,8,2539.581834,7.931,1,0xcaf00370,0,0,8,2704,2704,2,1,0,6,1,0,30,1,2,1,1,0,2
656302,2025-01-31 03:46:01.638551,41.446,8,2539.623281,41.447,7,0xcaf00370,0,0,8,3064,3064,3,1,0,6,1,0,30,1,2,1,1,0,2
656498,2025-01-31 03:46:01.646576,8.024999999999999,8,2539.631305,8.024,1,0xcaf00370,0,0,8,3064,3064,3,1,0,6,1,0,30,1,2,1,1,0,2
658337,2025-01-31 03:46:01.698737,52.161,8,2539.683467,52.162,7,0xcaf00370,0,0,8,3222,3222,0,1,0,6,1,0,30,1,2,1,1,0,2
658575,2025-01-31 03:46:01.706808,8.071,8,2539.691538,8.071,1,0xcaf00370,0,0,8,3222,3222,0,1,0,6,1,0,30,1,2,1,1,0,2
660022,2025-01-31 03:46:01.749236,42.428,8,2539.733966,42.428,7,0xcaf00370,0,0,8,4550,4550,1,1,0,6,1,0,30,1,2,1,1,0,2
660277,2025-01-31 03:46:01.757462,8.226,8,2539.742192,8.226,1,0xcaf00370,0,0,8,4550,4550,1,1,0,6,1,0,30,1,2,1,1,0,2
662356,2025-01-31 03:46:01.818936,61.474000000000004,8,2539.803666,61.474,7,0xcaf00370,0,0,8,4672,4672,2,1,0,6,1,0,30,1,2,1,1,1,2
662650,2025-01-31 03:46:01.827288,8.352,8,2539.812018,8.352,1,0xcaf00370,0,0,8,4672,4672,2,1,0,6,1,0,30,1,2,1,1,1,2
664023,2025-01-31 03:46:01.869015,41.727,8,2539.853744,41.726,7,0xcaf00370,0,0,8,4818,4818,3,1,0,6,1,0,30,1,2,1,1,0,2
664301,2025-01-31 03:46:01.877458,8.443000000000001,8,2539.862187,8.443,1,0xcaf00370,0,0,8,4818,4818,3,1,0,6,1,0,30,1,2,1,1,0,2
665696,2025-01-31 03:46:01.918812,41.354,8,2539.903542,41.355,7,0xcaf00370,0,0,8,5038,5038,0,0,0,6,1,0,28,1,2,1,1,0,2
665987,2025-01-31 03:46:01.927347,8.534999999999998,8,2539.912077,8.535,1,0xcaf00370,0,0,8,5038,5038,0,0,0,6,1,0,28,1,2,1,1,0,2
667372,2025-01-31 03:46:01.969042,41.695,8,2539.953771,41.694,7,0xcaf00370,0,0,8,5038,5038,1,1,0,31,1,0,2,1,0,1,6,248,1
667657,2025-01-31 03:46:01.977700,8.658000000000001,8,2539.96243,8.659,1,0xcaf00370,0,0,8,5038,5038,1,1,0,31,1,0,2,1,0,1,6,248,1
669432,2025-01-31 03:46:02.029093,51.393,8,2540.013823,51.393,7,0xcaf00370,0,0,8,6689,6689,2,0,0,6,1,0,30,1,2,1,1,0,2
669701,2025-01-31 03:46:02.037830,8.737,8,2540.02256,8.737,1,0xcaf00370,0,0,8,6689,6689,2,0,0,6,1,0,30,1,2,1,1,0,2
671059,2025-01-31 03:46:02.079230,41.4,8,2540.063959,41.399,7,0xcaf00370,0,0,8,6689,6689,3,1,0,32,1,0,0,1,0,0,6,132,0
671347,2025-01-31 03:46:02.087781,8.551,8,2540.07251,8.551,1,0xcaf00370,0,0,8,6689,6689,3,1,0,32,1,0,0,1,0,0,6,132,0
673003,2025-01-31 03:46:02.138548,50.767,8,2540.123278,50.768,7,0xcaf00370,0,0,8,6913,6913,0,1,0,6,1,0,30,1,2,1,1,250,2
673264,2025-01-31 03:46:02.147484,8.936,8,2540.132214,8.936,1,0xcaf00370,0,0,8,6913,6913,0,1,0,6,1,0,30,1,2,1,1,250,2
674690,2025-01-31 03:46:02.188890,41.406,8,2540.173619,41.405,7,0xcaf00370,0,0,8,7095,7095,1,1,0,6,1,0,30,1,2,1,1,253,2
675002,2025-01-31 03:46:02.198128,9.238,8,2540.182858,9.239,1,0xcaf00370,0,0,8,7095,7095,1,1,0,6,1,0,30,1,2,1,1,253,2
676690,2025-01-31 03:46:02.248746,50.618,8,2540.233475,50.617,7,0xcaf00370,0,0,8,2034,2034,2,0,0,6,1,0,25,1,2,1,1,1,2
676999,2025-01-31 03:46:02.258346,9.6,8,2540.243075,9.6,1,0xcaf00370,0,0,8,2034,2034,2,0,0,6,1,0,25,1,2,1,1,1,2
678378,2025-01-31 03:46:02.298612,40.266000000000005,8,2540.283341,40.266,7,0xcaf00370,0,0,8,2034,2034,3,1,0,29,1,0,5,2,0,1,9,250,1
678674,2025-01-31 03:46:02.308016,9.404,8,2540.292745,9.404,1,0xcaf00370,0,0,8,2034,2034,3,1,0,29,1,0,5,2,0,1,9,250,1
680335,2025-01-31 03:46:02.358903,50.887,8,2540.343632,50.887,7,0xcaf00370,0,0,8,2331,2331,0,1,0,6,1,0,30,1,2,1,1,251,2
680669,2025-01-31 03:46:02.368492,9.589,8,2540.353221,9.589,1,0xcaf00370,0,0,8,2331,2331,0,1,0,6,1,0,30,1,2,1,1,251,2
682088,2025-01-31 03:46:02.408792,40.300000000000004,8,2540.393521,40.3,7,0xcaf00370,0,0,8,2387,2387,1,1,0,6,1,0,30,1,2,1,1,253,2
682403,2025-01-31 03:46:02.418600,9.808000000000002,8,2540.403329,9.808,1,0xcaf00370,0,0,8,2387,2387,1,1,0,6,1,0,30,1,2,1,1,253,2
684746,2025-01-31 03:46:02.488799,70.199,8,2540.473529,70.2,7,0xcaf00370,0,0,8,2445,2445,2,0,0,6,1,0,30,1,2,1,1,253,2
685118,2025-01-31 03:46:02.499033,10.234,8,2540.483763,10.234,1,0xcaf00370,0,0,8,2445,2445,2,0,0,6,1,0,30,1,2,1,1,253,2
686455,2025-01-31 03:46:02.538825,39.792,8,2540.523554,39.791,7,0xcaf00370,0,0,8,2445,2445,3,1,0,30,1,0,0,2,0,0,9,133,0
686797,2025-01-31 03:46:02.548959,10.134,8,2540.533689,10.135,1,0xcaf00370,0,0,8,2445,2445,3,1,0,30,1,0,0,2,0,0,9,133,0
688154,2025-01-31 03:46:02.588814,39.855000000000004,8,2540.573543,39.854,7,0xcaf00370,0,0,8,2704,2704,0,1,0,6,1,0,30,1,2,1,1,0,2
688478,2025-01-31 03:46:02.599151,10.337000000000002,8,2540.583881,10.338,1,0xcaf00370,0,0,8,2704,2704,0,1,0,6,1,0,30,1,2,1,1,0,2
689753,2025-01-31 03:46:02.638837,39.686,8,2540.623567,39.686,7,0xcaf00370,0,0,8,3064,3064,1,1,0,6,1,0,30,1,2,1,1,0,2
690090,2025-01-31 03:46:02.649276,10.439,8,2540.634006,10.439,1,0xcaf00370,0,0,8,3064,3064,1,1,0,6,1,0,30,1,2,1,1,0,2
691398,2025-01-31 03:46:02.688771,39.495000000000005,8,2540.673501,39.495,7,0xcaf00370,0,0,8,3222,3222,2,1,0,6,1,0,30,1,2,1,1,0,2
691767,2025-01-31 03:46:02.699543,10.772,8,2540.684272,10.771,1,0xcaf00370,0,0,8,3222,3222,2,1,0,6,1,0,30,1,2,1,1,0,2
693032,2025-01-31 03:46:02.738577,39.034,8,2540.723307,39.035,7,0xcaf00370,0,0,8,4550,4550,3,1,0,6,1,0,30,1,2,1,1,0,2
693384,2025-01-31 03:46:02.749320,10.743,8,2540.734049,10.742,1,0xcaf00370,0,0,8,4550,4550,3,1,0,6,1,0,30,1,2,1,1,0,2
695032,2025-01-31 03:46:02.798205,48.885,8,2540.782934,48.885,7,0xcaf00370,0,0,8,4672,4672,0,1,0,6,1,0,30,1,2,1,1,1,2
695384,2025-01-31 03:46:02.809129,10.924,8,2540.793858,10.924,1,0xcaf00370,0,0,8,4672,4672,0,1,0,6,1,0,30,1,2,1,1,1,2
696690,2025-01-31 03:46:02.848789,39.660000000000004,8,2540.833519,39.661,7,0xcaf00370,0,0,8,4818,4818,1,1,0,6,1,0,30,1,2,1,1,0,2
697006,2025-01-31 03:46:02.860101,11.312,8,2540.84483,11.311,1,0xcaf00370,0,0,8,4818,4818,1,1,0,6,1,0,30,1,2,1,1,0,2
698971,2025-01-31 03:46:02.919104,59.003,8,2540.903834,59.004,7,0xcaf00370,0,0,8,5038,5038,2,0,0,6,1,0,28,1,2,1,1,0,2
699344,2025-01-31 03:46:02.930397,11.293,8,2540.915126,11.292,1,0xcaf00370,0,0,8,5038,5038,2,0,0,6,1,0,28,1,2,1,1,0,2
700612,2025-01-31 03:46:02.968988,38.591,8,2540.953718,38.592,7,0xcaf00370,0,0,8,5038,5038,3,1,0,31,1,0,2,1,0,1,6,248,1
700962,2025-01-31 03:46:02.980588,11.6,8,2540.965317,11.599,1,0xcaf00370,0,0,8,5038,5038,3,1,0,31,1,0,2,1,0,1,6,248,1
702286,2025-01-31 03:46:03.019088,38.5,8,2541.003818,38.501,7,0xcaf00370,0,0,8,6689,6689,0,0,0,6,1,0,30,1,2,1,1,0,2
702685,2025-01-31 03:46:03.030686,11.598,8,2541.015416,11.598,1,0xcaf00370,0,0,8,6689,6689,0,0,0,6,1,0,30,1,2,1,1,0,2
703938,2025-01-31 03:46:03.069258,38.572,8,2541.053988,38.572,7,0xcaf00370,0,0,8,6689,6689,1,1,0,32,1,0,0,1,0,0,6,132,0
704293,2025-01-31 03:46:03.081011,11.753,8,2541.065741,11.753,1,0xcaf00370,0,0,8,6689,6689,1,1,0,32,1,0,0,1,0,0,6,132,0
705923,2025-01-31 03:46:03.128789,47.778,8,2541.113519,47.778,7,0xcaf00370,0,0,8,6913,6913,2,1,0,6,1,0,30,1,2,1,1,250,2
706249,2025-01-31 03:46:03.140900,12.111,8,2541.125629,12.11,1,0xcaf00370,0,0,8,6913,6913,2,1,0,6,1,0,30,1,2,1,1,250,2
707486,2025-01-31 03:46:03.178866,37.966,8,2541.163595,37.966,7,0xcaf00370,0,0,8,7095,7095,3,1,0,6,1,0,30,1,2,1,1,253,2
707910,2025-01-31 03:46:03.190660,11.794,8,2541.175389,11.794,1,0xcaf00370,0,0,8,7095,7095,3,1,0,6,1,0,30,1,2,1,1,253,2
709629,2025-01-31 03:46:03.238734,48.074,8,2541.223463,48.074,7,0xcaf00370,0,0,8,2034,2034,0,0,0,6,1,0,25,1,2,1,1,1,2
710001,2025-01-31 03:46:03.250745,12.011000000000001,8,2541.235474,12.011,1,0xcaf00370,0,0,8,2034,2034,0,0,0,6,1,0,25,1,2,1,1,1,2
711293,2025-01-31 03:46:03.289256,38.510999999999996,8,2541.273985,38.511,7,0xcaf00370,0,0,8,2034,2034,1,1,0,29,1,0,5,2,0,1,9,250,1
711649,2025-01-31 03:46:03.301266,12.01,8,2541.285995,12.01,1,0xcaf00370,0,0,8,2034,2034,1,1,0,29,1,0,5,2,0,1,9,250,1
713237,2025-01-31 03:46:03.349310,48.044000000000004,8,2541.33404,48.045,7,0xcaf00370,0,0,8,2331,2331,2,1,0,6,1,0,30,1,2,1,1,251,2
713566,2025-01-31 03:46:03.361316,12.005999999999998,8,2541.346045,12.005,1,0xcaf00370,0,0,8,2331,2331,2,1,0,6,1,0,30,1,2,1,1,251,2
714964,2025-01-31 03:46:03.399498,38.182,8,2541.384227,38.182,7,0xcaf00370,0,0,8,2387,2387,3,1,0,6,1,0,30,1,2,1,1,253,2
715399,2025-01-31 03:46:03.411501,12.003,8,2541.39623,12.003,1,0xcaf00370,0,0,8,2387,2387,3,1,0,6,1,0,30,1,2,1,1,253,2
716956,2025-01-31 03:46:03.459154,47.653,8,2541.443884,47.654,7,0xcaf00370,0,0,8,2445,2445,0,0,0,6,1,0,30,1,2,1,1,253,2
717356,2025-01-31 03:46:03.471153,11.998999999999999,8,2541.455883,11.999,1,0xcaf00370,0,0,8,2445,2445,0,0,0,6,1,0,30,1,2,1,1,253,2
718689,2025-01-31 03:46:03.509342,38.189,8,2541.494072,38.189,7,0xcaf00370,0,0,8,2445,2445,1,1,0,30,1,0,0,2,0,0,9,133,0
719016,2025-01-31 03:46:03.521338,11.996,8,2541.506068,11.996,1,0xcaf00370,0,0,8,2445,2445,1,1,0,30,1,0,0,2,0,0,9,133,0
720590,2025-01-31 03:46:03.568818,47.480000000000004,8,2541.553547,47.479,7,0xcaf00370,0,0,8,2704,2704,2,1,0,6,1,0,30,1,2,1,1,0,2
720973,2025-01-31 03:46:03.581077,12.259,8,2541.565806,12.259,1,0xcaf00370,0,0,8,2704,2704,2,1,0,6,1,0,30,1,2,1,1,0,2
722239,2025-01-31 03:46:03.618663,37.586,8,2541.603392,37.586,7,0xcaf00370,0,0,8,3064,3064,3,1,0,6,1,0,30,1,2,1,1,0,2
722642,2025-01-31 03:46:03.630555,11.892,8,2541.615284,11.892,1,0xcaf00370,0,0,8,3064,3064,3,1,0,6,1,0,30,1,2,1,1,0,2
724200,2025-01-31 03:46:03.679251,48.696000000000005,8,2541.66398,48.696,7,0xcaf00370,0,0,8,3222,3222,0,1,0,6,1,0,30,1,2,1,1,0,2
724610,2025-01-31 03:46:03.690906,11.655000000000001,8,2541.675635,11.655,1,0xcaf00370,0,0,8,3222,3222,0,1,0,6,1,0,30,1,2,1,1,0,2
725905,2025-01-31 03:46:03.729323,38.417,8,2541.714053,38.418,7,0xcaf00370,0,0,8,4550,4550,1,1,0,6,1,0,30,1,2,1,1,0,2
726234,2025-01-31 03:46:03.741306,11.983,8,2541.726035,11.982,1,0xcaf00370,0,0,8,4550,4550,1,1,0,6,1,0,30,1,2,1,1,0,2
727964,2025-01-31 03:46:03.791358,50.052,8,2541.776087,50.052,7,0xcaf00370,0,0,8,4672,4672,2,1,0,6,1,0,30,1,2,1,1,1,2
728341,2025-01-31 03:46:03.803336,11.978000000000002,8,2541.788066,11.979,1,0xcaf00370,0,0,8,4672,4672,2,1,0,6,1,0,30,1,2,1,1,1,2
729496,2025-01-31 03:46:03.838205,34.869,8,2541.822934,34.868,7,0xcaf00370,0,0,8,4818,4818,3,1,0,6,1,0,30,1,2,1,1,0,2
729891,2025-01-31 03:46:03.850180,11.975,8,2541.83491,11.976,1,0xcaf00370,0,0,8,4818,4818,3,1,0,6,1,0,30,1,2,1,1,0,2
732158,2025-01-31 03:46:03.918620,68.44,8,2541.90335,68.44,7,0xcaf00370,0,0,8,5038,5038,0,0,0,6,1,0,28,1,2,1,1,0,2
732559,2025-01-31 03:46:03.930592,11.972,8,2541.915322,11.972,1,0xcaf00370,0,0,8,5038,5038,0,0,0,6,1,0,28,1,2,1,1,0,2
733800,2025-01-31 03:46:03.969207,38.614999999999995,8,2541.953937,38.615,7,0xcaf00370,0,0,8,5038,5038,1,1,0,31,1,0,2,1,0,1,6,248,1
734189,2025-01-31 03:46:03.981177,11.969999999999999,8,2541.965907,11.97,1,0xcaf00370,0,0,8,5038,5038,1,1,0,31,1,0,2,1,0,1,6,248,1
735475,2025-01-31 03:46:04.018846,37.669000000000004,8,2542.003575,37.668,7,0xcaf00370,0,0,8,6689,6689,2,0,0,6,1,0,30,1,2,1,1,0,2
735895,2025-01-31 03:46:04.030809,11.963,8,2542.015538,11.963,1,0xcaf00370,0,0,8,6689,6689,2,0,0,6,1,0,30,1,2,1,1,0,2
737117,2025-01-31 03:46:04.069327,38.517999999999994,8,2542.054056,38.518,7,0xcaf00370,0,0,8,6689,6689,3,1,0,32,1,0,0,1,0,0,6,132,0
737477,2025-01-31 03:46:04.081278,11.951,8,2542.066008,11.952,1,0xcaf00370,0,0,8,6689,6689,3,1,0,32,1,0,0,1,0,0,6,132,0
739109,2025-01-31 03:46:04.129144,47.866,8,2542.113874,47.866,7,0xcaf00370,0,0,8,6913,6913,0,1,0,6,1,0,30,1,2,1,1,250,2
739414,2025-01-31 03:46:04.141086,11.942,8,2542.125815,11.941,1,0xcaf00370,0,0,8,6913,6913,0,1,0,6,1,0,30,1,2,1,1,250,2
740662,2025-01-31 03:46:04.178850,37.763999999999996,8,2542.16358,37.765,7,0xcaf00370,0,0,8,7095,7095,1,1,0,6,1,0,30,1,2,1,1,253,2
741065,2025-01-31 03:46:04.190661,11.811,8,2542.17539,11.81,1,0xcaf00370,0,0,8,7095,7095,1,1,0,6,1,0,30,1,2,1,1,253,2
742700,2025-01-31 03:46:04.238524,47.863,8,2542.223254,47.864,7,0xcaf00370,0,0,8,2034,2034,2,0,0,6,1,0,25,1,2,1,1,1,2
743079,2025-01-31 03:46:04.250148,11.624,8,2542.234878,11.624,1,0xcaf00370,0,0,8,2034,2034,2,0,0,6,1,0,25,1,2,1,1,1,2
744349,2025-01-31 03:46:04.288875,38.727,8,2542.273605,38.727,7,0xcaf00370,0,0,8,2034,2034,3,1,0,29,1,0,5,2,0,1,9,250,1
744696,2025-01-31 03:46:04.300482,11.607,8,2542.285211,11.606,1,0xcaf00370,0,0,8,2034,2034,3,1,0,29,1,0,5,2,0,1,9,250,1
745992,2025-01-31 03:46:04.338694,38.212,8,2542.323424,38.213,7,0xcaf00370,0,0,8,2331,2331,0,1,0,6,1,0,30,1,2,1,1,251,2
746372,2025-01-31 03:46:04.349947,11.253,8,2542.334677,11.253,1,0xcaf00370,0,0,8,2331,2331,0,1,0,6,1,0,30,1,2,1,1,251,2
747740,2025-01-31 03:46:04.389369,39.422,8,2542.374099,39.422,7,0xcaf00370,0,0,8,2387,2387,1,1,0,6,1,0,30,1,2,1,1,253,2
748098,2025-01-31 03:46:04.400434,11.065,8,2542.385164,11.065,1,0xcaf00370,0,0,8,2387,2387,1,1,0,6,1,0,30,1,2,1,1,253,2
749729,2025-01-31 03:46:04.449283,48.849,8,2542.434013,48.849,7,0xcaf00370,0,0,8,2445,2445,2,0,0,6,1,0,30,1,2,1,1,253,2
750050,2025-01-31 03:46:04.460160,10.876999999999999,8,2542.44489,10.877,1,0xcaf00370,0,0,8,2445,2445,2,0,0,6,1,0,30,1,2,1,1,253,2
751432,2025-01-31 03:46:04.500599,40.439,8,2542.485329,40.439,7,0xcaf00370,0,0,8,2445,2445,3,1,0,30,1,0,0,2,0,0,9,133,0
751824,2025-01-31 03:46:04.511252,10.652999999999999,8,2542.495982,10.653,1,0xcaf00370,0,0,8,2445,2445,3,1,0,30,1,0,0,2,0,0,9,133,0
753123,2025-01-31 03:46:04.550070,38.818,8,2542.534799,38.817,7,0xcaf00370,0,0,8,2704,2704,0,1,0,6,1,0,30,1,2,1,1,0,2
