logIndex,logTime,¦¤logTime[ms],length,timeStamp[s],¦¤timeStamp[ms],seq,ID,msgcnt,¦¤msgcnt,Path Index,Offset,Offset(Adj),Cyclic Counter,Last Stub at Offset,Rerouting Flag,Sub-path Index,Retransmission,Update,Relative Probability,Functional Road Class,Part of Calculated route,Expressway Flag,Form of Way,Turn angle,Number of Lanes in driving direction
341,2025-01-31 04:14:41.816617,0.0,8,4259.986877,0.0,7,0xcaf00370,0,0,51,763,763,2,1,0,6,1,0,30,4,2,1,13,230,1
343,2025-01-31 04:14:41.816645,0.028,8,4259.986906,0.029,1,0xcaf00370,0,0,51,763,763,2,1,0,6,1,0,30,4,2,1,13,230,1
1964,2025-01-31 04:14:41.866421,49.776,8,4260.036681,49.775,7,0xcaf00370,0,0,51,1065,1065,3,0,0,6,1,0,30,1,2,1,1,249,3
1965,2025-01-31 04:14:41.866449,0.028,8,4260.036709,0.028,1,0xcaf00370,0,0,51,1065,1065,3,0,0,6,1,0,30,1,2,1,1,249,3
4304,2025-01-31 04:14:41.936606,70.157,8,4260.106866,70.157,7,0xcaf00370,0,0,51,1065,1065,0,1,0,60,1,0,0,1,0,0,1,122,0
4305,2025-01-31 04:14:41.936634,0.028,8,4260.106894,0.028,1,0xcaf00370,0,0,51,1065,1065,0,1,0,60,1,0,0,1,0,0,1,122,0
6022,2025-01-31 04:14:41.986623,49.989,8,4260.156883,49.989,7,0xcaf00370,0,0,51,1312,1312,1,1,0,6,1,0,30,1,2,1,1,0,3
6023,2025-01-31 04:14:41.986653,0.030000000000000002,8,4260.156913,0.03,1,0xcaf00370,0,0,51,1312,1312,1,1,0,6,1,0,30,1,2,1,1,0,3
8054,2025-01-31 04:14:42.046501,59.848,8,4260.216761,59.848,7,0xcaf00370,0,0,51,1596,1596,2,1,0,6,1,0,30,1,2,1,1,4,3
8055,2025-01-31 04:14:42.046529,0.028,8,4260.216789,0.028,1,0xcaf00370,0,0,51,1596,1596,2,1,0,6,1,0,30,1,2,1,1,4,3
9803,2025-01-31 04:14:42.096325,49.796,8,4260.266586,49.797,7,0xcaf00370,0,0,51,1678,1678,3,1,0,6,1,0,30,1,2,1,1,1,3
9804,2025-01-31 04:14:42.096356,0.031,8,4260.266616,0.03,1,0xcaf00370,0,0,51,1678,1678,3,1,0,6,1,0,30,1,2,1,1,1,3
11744,2025-01-31 04:14:42.156334,59.977999999999994,8,4260.326594,59.978,7,0xcaf00370,0,0,51,1722,1722,0,1,0,6,1,0,30,1,2,1,1,2,3
11745,2025-01-31 04:14:42.156363,0.029,8,4260.326623,0.029,1,0xcaf00370,0,0,51,1722,1722,0,1,0,6,1,0,30,1,2,1,1,2,3
13443,2025-01-31 04:14:42.206956,50.592999999999996,8,4260.377216,50.593,7,0xcaf00370,0,0,51,1775,1775,1,1,0,6,1,0,30,1,2,1,1,4,3
13444,2025-01-31 04:14:42.206985,0.029,8,4260.377245,0.029,1,0xcaf00370,0,0,51,1775,1775,1,1,0,6,1,0,30,1,2,1,1,4,3
15753,2025-01-31 04:14:42.276299,69.31400000000001,8,4260.446559,69.314,7,0xcaf00370,0,0,51,1982,1982,2,1,0,6,1,0,30,1,2,1,1,3,3
15754,2025-01-31 04:14:42.276328,0.029,8,4260.446588,0.029,1,0xcaf00370,0,0,51,1982,1982,2,1,0,6,1,0,30,1,2,1,1,3,3
17404,2025-01-31 04:14:42.326221,49.893,8,4260.496481,49.893,7,0xcaf00370,0,0,51,3236,3236,3,1,0,6,1,0,30,1,2,1,1,253,3
17405,2025-01-31 04:14:42.326250,0.029,8,4260.496511,0.03,1,0xcaf00370,0,0,51,3236,3236,3,1,0,6,1,0,30,1,2,1,1,253,3
19396,2025-01-31 04:14:42.386317,60.067,8,4260.556577,60.066,7,0xcaf00370,0,0,51,3336,3336,0,1,0,6,1,0,30,1,2,1,1,250,3
19397,2025-01-31 04:14:42.386346,0.029,8,4260.556606,0.029,1,0xcaf00370,0,0,51,3336,3336,0,1,0,6,1,0,30,1,2,1,1,250,3
21072,2025-01-31 04:14:42.436279,49.933,8,4260.60654,49.934,7,0xcaf00370,0,0,51,3800,3800,1,1,0,6,1,0,30,1,2,1,1,250,3
21073,2025-01-31 04:14:42.436308,0.029,8,4260.606568,0.028,1,0xcaf00370,0,0,51,3800,3800,1,1,0,6,1,0,30,1,2,1,1,250,3
23361,2025-01-31 04:14:42.506998,70.69,8,4260.677258,70.69,7,0xcaf00370,0,0,51,3839,3839,2,1,0,6,1,0,30,1,2,1,1,0,3
23362,2025-01-31 04:14:42.507028,0.030000000000000002,8,4260.677288,0.03,1,0xcaf00370,0,0,51,3839,3839,2,1,0,6,1,0,30,1,2,1,1,0,3
25010,2025-01-31 04:14:42.556965,49.937000000000005,8,4260.727225,49.937,7,0xcaf00370,0,0,51,4218,4218,3,0,0,6,1,0,26,1,2,1,1,252,3
25012,2025-01-31 04:14:42.556998,0.033,8,4260.727258,0.033,1,0xcaf00370,0,0,51,4218,4218,3,0,0,6,1,0,26,1,2,1,1,252,3
26716,2025-01-31 04:14:42.607121,50.123,8,4260.777381,50.123,7,0xcaf00370,0,0,51,4218,4218,0,1,0,61,1,0,4,1,0,1,6,246,1
26717,2025-01-31 04:14:42.607224,0.103,8,4260.777484,0.103,1,0xcaf00370,0,0,51,4218,4218,0,1,0,61,1,0,4,1,0,1,6,246,1
28341,2025-01-31 04:14:42.657912,50.687999999999995,8,4260.828173,50.689,7,0xcaf00370,0,0,51,5300,5300,1,0,0,6,1,0,30,1,2,1,1,0,3
28343,2025-01-31 04:14:42.657951,0.039,8,4260.828211,0.038,1,0xcaf00370,0,0,51,5300,5300,1,0,0,6,1,0,30,1,2,1,1,0,3
30016,2025-01-31 04:14:42.706978,49.027,8,4260.877238,49.027,7,0xcaf00370,0,0,51,5300,5300,2,1,0,62,1,0,0,1,0,0,3,132,0
30018,2025-01-31 04:14:42.707018,0.04,8,4260.877278,0.04,1,0xcaf00370,0,0,51,5300,5300,2,1,0,62,1,0,0,1,0,0,3,132,0
31641,2025-01-31 04:14:42.756318,49.3,8,4260.926579,49.301,7,0xcaf00370,0,0,51,6104,6104,3,1,0,6,1,0,30,1,2,1,1,253,3
31642,2025-01-31 04:14:42.756361,0.043000000000000003,8,4260.926621,0.042,1,0xcaf00370,0,0,51,6104,6104,3,1,0,6,1,0,30,1,2,1,1,253,3
33680,2025-01-31 04:14:42.816313,59.952,8,4260.986573,59.952,7,0xcaf00370,0,0,51,6152,6152,0,1,0,6,1,0,30,1,2,1,1,0,3
33681,2025-01-31 04:14:42.816356,0.043000000000000003,8,4260.986616,0.043,1,0xcaf00370,0,0,51,6152,6152,0,1,0,6,1,0,30,1,2,1,1,0,3
35370,2025-01-31 04:14:42.866933,50.577,8,4261.037194,50.578,7,0xcaf00370,0,0,56,71,71,1,1,0,6,1,0,30,4,0,1,9,247,1
35371,2025-01-31 04:14:42.866974,0.041,8,4261.037234,0.04,1,0xcaf00370,0,0,56,71,71,1,1,0,6,1,0,30,4,0,1,9,247,1
37689,2025-01-31 04:14:42.936410,69.43599999999999,8,4261.10667,69.436,7,0xcaf00370,0,0,56,92,92,2,1,0,6,1,0,30,4,0,1,9,253,1
37690,2025-01-31 04:14:42.936449,0.039,8,4261.106709,0.039,1,0xcaf00370,0,0,56,92,92,2,1,0,6,1,0,30,4,0,1,9,253,1
39424,2025-01-31 04:14:42.986453,50.004,8,4261.156713,50.004,7,0xcaf00370,0,0,56,178,178,3,1,0,6,1,0,30,4,0,1,9,14,1
39425,2025-01-31 04:14:42.986489,0.036000000000000004,8,4261.156749,0.036,1,0xcaf00370,0,0,56,178,178,3,1,0,6,1,0,30,4,0,1,9,14,1
41076,2025-01-31 04:14:43.036789,50.3,8,4261.207049,50.3,7,0xcaf00370,0,0,56,398,398,0,0,0,6,1,0,17,4,0,1,9,4,1
41077,2025-01-31 04:14:43.036825,0.036000000000000004,8,4261.207085,0.036,1,0xcaf00370,0,0,56,398,398,0,0,0,6,1,0,17,4,0,1,9,4,1
42789,2025-01-31 04:14:43.086693,49.868,8,4261.256953,49.868,7,0xcaf00370,0,0,56,398,398,1,1,0,63,1,0,13,4,0,1,9,234,1
42790,2025-01-31 04:14:43.086728,0.034999999999999996,8,4261.256988,0.035,1,0xcaf00370,0,0,56,398,398,1,1,0,63,1,0,13,4,0,1,9,234,1
45051,2025-01-31 04:14:43.156303,69.575,8,4261.326563,69.575,7,0xcaf00370,0,0,56,412,412,2,0,0,6,1,0,30,4,0,1,9,3,1
45052,2025-01-31 04:14:43.156335,0.032,8,4261.326595,0.032,1,0xcaf00370,0,0,56,412,412,2,0,0,6,1,0,30,4,0,1,9,3,1
46771,2025-01-31 04:14:43.206630,50.295,8,4261.37689,50.295,7,0xcaf00370,0,0,56,412,412,3,0,0,8,1,0,0,4,0,0,10,28,0
46772,2025-01-31 04:14:43.206661,0.031,8,4261.376921,0.031,1,0xcaf00370,0,0,56,412,412,3,0,0,8,1,0,0,4,0,0,10,28,0
48354,2025-01-31 04:14:43.256573,49.912,8,4261.426833,49.912,7,0xcaf00370,0,0,56,412,412,0,0,0,9,1,0,0,4,0,1,9,85,1
48355,2025-01-31 04:14:43.256602,0.029,8,4261.426862,0.029,1,0xcaf00370,0,0,56,412,412,0,0,0,9,1,0,0,4,0,1,9,85,1
50008,2025-01-31 04:14:43.306495,49.893,8,4261.476755,49.893,7,0xcaf00370,0,0,56,412,412,1,0,0,10,1,0,0,4,0,1,9,179,1
50010,2025-01-31 04:14:43.306523,0.028,8,4261.476783,0.028,1,0xcaf00370,0,0,56,412,412,1,0,0,10,1,0,0,4,0,1,9,179,1
52337,2025-01-31 04:14:43.376738,70.215,8,4261.546998,70.215,7,0xcaf00370,0,0,56,412,412,2,1,0,11,1,0,0,4,0,0,10,208,0
52338,2025-01-31 04:14:43.376763,0.025,8,4261.547023,0.025,1,0xcaf00370,0,0,56,412,412,2,1,0,11,1,0,0,4,0,0,10,208,0
54016,2025-01-31 04:14:43.426335,49.571999999999996,8,4261.596595,49.572,7,0xcaf00370,0,0,56,425,425,3,0,0,6,1,0,30,4,0,1,9,2,1
54017,2025-01-31 04:14:43.426358,0.023,8,4261.596618,0.023,1,0xcaf00370,0,0,56,425,425,3,0,0,6,1,0,30,4,0,1,9,2,1
56035,2025-01-31 04:14:43.486447,60.089,8,4261.656707,60.089,7,0xcaf00370,0,0,56,425,425,0,1,0,12,1,0,0,4,0,0,10,159,0
56036,2025-01-31 04:14:43.486471,0.024,8,4261.656732,0.025,1,0xcaf00370,0,0,56,425,425,0,1,0,12,1,0,0,4,0,0,10,159,0
57650,2025-01-31 04:14:43.536835,50.364,8,4261.707095,50.363,7,0xcaf00370,0,0,57,114,114,1,0,0,6,1,0,30,4,0,1,13,29,1
57651,2025-01-31 04:14:43.536863,0.028,8,4261.707123,0.028,1,0xcaf00370,0,0,57,114,114,1,0,0,6,1,0,30,4,0,1,13,29,1
59343,2025-01-31 04:14:43.586412,49.549,8,4261.756672,49.549,7,0xcaf00370,0,0,57,114,114,2,1,0,13,1,0,0,4,0,0,3,173,0
59344,2025-01-31 04:14:43.586448,0.036000000000000004,8,4261.756708,0.036,1,0xcaf00370,0,0,57,114,114,2,1,0,13,1,0,0,4,0,0,3,173,0
60981,2025-01-31 04:14:43.636608,50.160000000000004,8,4261.806868,50.16,7,0xcaf00370,0,0,57,156,156,3,1,0,6,1,0,30,4,0,1,13,230,1
60982,2025-01-31 04:14:43.636648,0.04,8,4261.806908,0.04,1,0xcaf00370,0,0,57,156,156,3,1,0,6,1,0,30,4,0,1,13,230,1
63007,2025-01-31 04:14:43.696564,59.916,8,4261.866824,59.916,7,0xcaf00370,0,0,57,457,457,0,0,0,6,1,0,30,1,0,1,1,249,3
63008,2025-01-31 04:14:43.696610,0.046,8,4261.86687,0.046,1,0xcaf00370,0,0,57,457,457,0,0,0,6,1,0,30,1,0,1,1,249,3
64564,2025-01-31 04:14:43.746883,50.272999999999996,8,4261.917144,50.274,7,0xcaf00370,0,0,57,457,457,1,1,0,14,1,0,0,1,0,0,1,122,0
64565,2025-01-31 04:14:43.746936,0.053,8,4261.917196,0.052,1,0xcaf00370,0,0,57,457,457,1,1,0,14,1,0,0,1,0,0,1,122,0
66603,2025-01-31 04:14:43.807166,60.23,8,4261.977427,60.231,7,0xcaf00370,0,0,51,7338,7338,2,1,0,6,1,0,30,1,2,1,1,3,3
66605,2025-01-31 04:14:43.807281,0.115,8,4261.977541,0.114,1,0xcaf00370,0,0,51,7338,7338,2,1,0,6,1,0,30,1,2,1,1,3,3
68182,2025-01-31 04:14:43.856234,48.953,8,4262.026494,48.953,7,0xcaf00370,0,0,51,7406,7406,3,1,0,6,1,0,30,1,2,1,1,0,3
68183,2025-01-31 04:14:43.856300,0.066,8,4262.02656,0.066,1,0xcaf00370,0,0,51,7406,7406,3,1,0,6,1,0,30,1,2,1,1,0,3
70243,2025-01-31 04:14:43.916871,60.571,8,4262.087132,60.572,7,0xcaf00370,0,0,51,260,260,0,1,0,6,1,0,30,4,2,1,13,246,1
70254,2025-01-31 04:14:43.917232,0.361,8,4262.087492,0.36,1,0xcaf00370,0,0,51,260,260,0,1,0,6,1,0,30,4,2,1,13,246,1
71952,2025-01-31 04:14:43.968926,51.693999999999996,8,4262.139186,51.694,7,0xcaf00370,0,0,51,288,288,1,1,0,6,1,0,30,4,2,1,13,246,1
71954,2025-01-31 04:14:43.968969,0.043000000000000003,8,4262.139229,0.043,1,0xcaf00370,0,0,51,288,288,1,1,0,6,1,0,30,4,2,1,13,246,1
73880,2025-01-31 04:14:44.026558,57.589,8,4262.196818,57.589,7,0xcaf00370,0,0,51,298,298,2,0,0,6,1,0,26,4,2,1,13,0,1
73886,2025-01-31 04:14:44.026747,0.189,8,4262.197007,0.189,1,0xcaf00370,0,0,51,298,298,2,0,0,6,1,0,26,4,2,1,13,0,1
75571,2025-01-31 04:14:44.076246,49.499,8,4262.246506,49.499,7,0xcaf00370,0,0,51,298,298,3,1,0,56,1,0,4,4,0,1,9,247,1
75583,2025-01-31 04:14:44.076619,0.373,8,4262.246879,0.373,1,0xcaf00370,0,0,51,298,298,3,1,0,56,1,0,4,4,0,1,9,247,1
77518,2025-01-31 04:14:44.136475,59.856,8,4262.306735,59.856,7,0xcaf00370,0,0,51,339,339,0,0,0,6,1,0,16,4,2,1,13,238,1
77520,2025-01-31 04:14:44.136608,0.133,8,4262.306869,0.134,1,0xcaf00370,0,0,51,339,339,0,0,0,6,1,0,16,4,2,1,13,238,1
79208,2025-01-31 04:14:44.186375,49.766999999999996,8,4262.356635,49.766,7,0xcaf00370,0,0,51,339,339,1,1,0,57,1,0,14,4,0,1,13,30,1
79217,2025-01-31 04:14:44.186553,0.178,8,4262.356814,0.179,1,0xcaf00370,0,0,51,339,339,1,1,0,57,1,0,14,4,0,1,13,30,1
81849,2025-01-31 04:14:44.266423,79.86999999999999,8,4262.436683,79.869,1,0xcaf00370,0,0,51,368,368,2,1,0,6,1,0,30,4,2,1,13,249,1
81852,2025-01-31 04:14:44.266487,0.064,8,4262.436747,0.064,7,0xcaf00370,0,0,51,368,368,2,1,0,6,1,0,30,4,2,1,13,249,1
83498,2025-01-31 04:14:44.316667,50.18,8,4262.486928,50.181,7,0xcaf00370,0,0,51,407,407,3,1,0,6,1,0,30,4,2,1,13,251,1
83507,2025-01-31 04:14:44.316997,0.33,8,4262.487257,0.329,1,0xcaf00370,0,0,51,407,407,3,1,0,6,1,0,30,4,2,1,13,251,1
85447,2025-01-31 04:14:44.376338,59.341,8,4262.546598,59.341,7,0xcaf00370,0,0,51,418,418,0,0,0,6,1,0,30,4,2,1,13,4,1
85449,2025-01-31 04:14:44.376373,0.034999999999999996,8,4262.546633,0.035,1,0xcaf00370,0,0,51,418,418,0,0,0,6,1,0,30,4,2,1,13,4,1
87123,2025-01-31 04:14:44.426372,49.999,8,4262.596632,49.999,1,0xcaf00370,0,0,51,418,418,1,1,0,58,1,0,0,4,0,0,10,212,0
87126,2025-01-31 04:14:44.426481,0.10900000000000001,8,4262.596741,0.109,7,0xcaf00370,0,0,51,418,418,1,1,0,58,1,0,0,4,0,0,10,212,0
89132,2025-01-31 04:14:44.486427,59.946,8,4262.656688,59.947,1,0xcaf00370,0,0,51,461,461,2,1,0,6,1,0,30,4,2,1,13,10,1
89135,2025-01-31 04:14:44.486506,0.079,8,4262.656766,0.078,7,0xcaf00370,0,0,51,461,461,2,1,0,6,1,0,30,4,2,1,13,10,1
90781,2025-01-31 04:14:44.536457,49.951,8,4262.706717,49.951,7,0xcaf00370,0,0,51,493,493,3,1,0,6,1,0,30,4,2,1,13,9,1
90783,2025-01-31 04:14:44.536495,0.038,8,4262.706755,0.038,1,0xcaf00370,0,0,51,493,493,3,1,0,6,1,0,30,4,2,1,13,9,1
92454,2025-01-31 04:14:44.586680,50.185,8,4262.75694,50.185,7,0xcaf00370,0,0,51,530,530,0,1,0,6,1,0,30,4,2,1,13,0,1
92465,2025-01-31 04:14:44.586887,0.207,8,4262.757147,0.207,1,0xcaf00370,0,0,51,530,530,0,1,0,6,1,0,30,4,2,1,13,0,1
94077,2025-01-31 04:14:44.636366,49.479,8,4262.806626,49.479,1,0xcaf00370,0,0,51,542,542,1,1,0,6,1,0,30,4,2,1,13,1,1
94084,2025-01-31 04:14:44.636558,0.192,8,4262.806818,0.192,7,0xcaf00370,0,0,51,542,542,1,1,0,6,1,0,30,4,2,1,13,1,1
96097,2025-01-31 04:14:44.696243,59.685,8,4262.866504,59.686,7,0xcaf00370,0,0,51,593,593,2,1,0,6,1,0,30,4,2,1,13,24,1
96101,2025-01-31 04:14:44.696390,0.147,8,4262.86665,0.146,1,0xcaf00370,0,0,51,593,593,2,1,0,6,1,0,30,4,2,1,13,24,1
97689,2025-01-31 04:14:44.746302,49.912,8,4262.916563,49.913,7,0xcaf00370,0,0,51,648,648,3,1,0,6,1,0,30,4,2,1,13,0,1
97691,2025-01-31 04:14:44.746364,0.062,8,4262.916624,0.061,1,0xcaf00370,0,0,51,648,648,3,1,0,6,1,0,30,4,2,1,13,0,1
99724,2025-01-31 04:14:44.806527,60.163000000000004,8,4262.976787,60.163,7,0xcaf00370,0,0,51,721,721,0,0,0,6,1,0,30,4,2,1,13,237,1
99727,2025-01-31 04:14:44.806629,0.102,8,4262.97689,0.103,1,0xcaf00370,0,0,51,721,721,0,0,0,6,1,0,30,4,2,1,13,237,1
101325,2025-01-31 04:14:44.856225,49.596000000000004,8,4263.026486,49.596,7,0xcaf00370,0,0,51,721,721,1,1,0,59,1,0,0,4,0,0,3,80,0
101327,2025-01-31 04:14:44.856311,0.08600000000000001,8,4263.026572,0.086,1,0xcaf00370,0,0,51,721,721,1,1,0,59,1,0,0,4,0,0,3,80,0
103044,2025-01-31 04:14:44.907075,50.763999999999996,8,4263.077335,50.763,1,0xcaf00370,0,0,51,763,763,2,1,0,6,1,0,30,4,2,1,13,230,1
103048,2025-01-31 04:14:44.907102,0.027,8,4263.077362,0.027,7,0xcaf00370,0,0,51,763,763,2,1,0,6,1,0,30,4,2,1,13,230,1
104711,2025-01-31 04:14:44.956245,49.143,8,4263.126506,49.144,7,0xcaf00370,0,0,51,1065,1065,3,0,0,6,1,0,30,1,2,1,1,249,3
104714,2025-01-31 04:14:44.956300,0.055,8,4263.12656,0.054,1,0xcaf00370,0,0,51,1065,1065,3,0,0,6,1,0,30,1,2,1,1,249,3
107117,2025-01-31 04:14:45.026720,70.42,8,4263.196981,70.421,1,0xcaf00370,0,0,51,1065,1065,0,1,0,60,1,0,0,1,0,0,1,122,0
107119,2025-01-31 04:14:45.026743,0.023,8,4263.197004,0.023,7,0xcaf00370,0,0,51,1065,1065,0,1,0,60,1,0,0,1,0,0,1,122,0
108867,2025-01-31 04:14:45.076622,49.879,8,4263.246882,49.878,7,0xcaf00370,0,0,51,1312,1312,1,1,0,6,1,0,30,1,2,1,1,0,3
108869,2025-01-31 04:14:45.076639,0.017,8,4263.246899,0.017,1,0xcaf00370,0,0,51,1312,1312,1,1,0,6,1,0,30,1,2,1,1,0,3
110840,2025-01-31 04:14:45.136595,59.956,8,4263.306856,59.957,1,0xcaf00370,0,0,51,1596,1596,2,1,0,6,1,0,30,1,2,1,1,4,3
110841,2025-01-31 04:14:45.136596,0.001,8,4263.306856,0.0,7,0xcaf00370,0,0,51,1596,1596,2,1,0,6,1,0,30,1,2,1,1,4,3
112532,2025-01-31 04:14:45.186339,49.743,8,4263.356599,49.743,1,0xcaf00370,0,0,51,1678,1678,3,1,0,6,1,0,30,1,2,1,1,1,3
112533,2025-01-31 04:14:45.186357,0.018000000000000002,8,4263.356617,0.018,7,0xcaf00370,0,0,51,1678,1678,3,1,0,6,1,0,30,1,2,1,1,1,3
114131,2025-01-31 04:14:45.236574,50.217,8,4263.406834,50.217,1,0xcaf00370,0,0,51,1722,1722,0,1,0,6,1,0,30,1,2,1,1,2,3
114132,2025-01-31 04:14:45.236607,0.033,8,4263.406868,0.034,7,0xcaf00370,0,0,51,1722,1722,0,1,0,6,1,0,30,1,2,1,1,2,3
115770,2025-01-31 04:14:45.286326,49.719,8,4263.456586,49.718,1,0xcaf00370,0,0,51,1775,1775,1,1,0,6,1,0,30,1,2,1,1,4,3
115771,2025-01-31 04:14:45.286374,0.048,8,4263.456634,0.048,7,0xcaf00370,0,0,51,1775,1775,1,1,0,6,1,0,30,1,2,1,1,4,3
117616,2025-01-31 04:14:45.346313,59.939,8,4263.516573,59.939,1,0xcaf00370,0,0,51,1982,1982,2,1,0,6,1,0,30,1,2,1,1,3,3
117619,2025-01-31 04:14:45.346379,0.066,8,4263.516639,0.066,7,0xcaf00370,0,0,51,1982,1982,2,1,0,6,1,0,30,1,2,1,1,3,3
119313,2025-01-31 04:14:45.396256,49.876999999999995,8,4263.566517,49.878,1,0xcaf00370,0,0,51,3236,3236,3,1,0,6,1,0,30,1,2,1,1,253,3
119314,2025-01-31 04:14:45.396338,0.082,8,4263.566598,0.081,7,0xcaf00370,0,0,51,3236,3236,3,1,0,6,1,0,30,1,2,1,1,253,3
121247,2025-01-31 04:14:45.456256,59.918,8,4263.626516,59.918,1,0xcaf00370,0,0,51,3336,3336,0,1,0,6,1,0,30,1,2,1,1,250,3
121249,2025-01-31 04:14:45.456356,0.1,8,4263.626616,0.1,7,0xcaf00370,0,0,51,3336,3336,0,1,0,6,1,0,30,1,2,1,1,250,3
122915,2025-01-31 04:14:45.507009,50.653,8,4263.677269,50.653,1,0xcaf00370,0,0,51,3800,3800,1,1,0,6,1,0,30,1,2,1,1,250,3
122919,2025-01-31 04:14:45.507118,0.10900000000000001,8,4263.677378,0.109,7,0xcaf00370,0,0,51,3800,3800,1,1,0,6,1,0,30,1,2,1,1,250,3
125201,2025-01-31 04:14:45.576272,69.154,8,4263.746532,69.154,1,0xcaf00370,0,0,51,3839,3839,2,1,0,6,1,0,30,1,2,1,1,0,3
125202,2025-01-31 04:14:45.576385,0.11299999999999999,8,4263.746645,0.113,7,0xcaf00370,0,0,51,3839,3839,2,1,0,6,1,0,30,1,2,1,1,0,3
126864,2025-01-31 04:14:45.626199,49.814,8,4263.79646,49.815,1,0xcaf00370,0,0,51,4218,4218,3,0,0,6,1,0,26,1,2,1,1,252,3
126866,2025-01-31 04:14:45.626318,0.11900000000000001,8,4263.796578,0.118,7,0xcaf00370,0,0,51,4218,4218,3,0,0,6,1,0,26,1,2,1,1,252,3
128897,2025-01-31 04:14:45.688008,61.690000000000005,8,4263.858268,61.69,1,0xcaf00370,0,0,51,4218,4218,0,1,0,61,1,0,4,1,0,1,6,246,1
128901,2025-01-31 04:14:45.688131,0.12300000000000001,8,4263.858391,0.123,7,0xcaf00370,0,0,51,4218,4218,0,1,0,61,1,0,4,1,0,1,6,246,1
130458,2025-01-31 04:14:45.736208,48.077,8,4263.906468,48.077,1,0xcaf00370,0,0,51,5300,5300,1,0,0,6,1,0,30,1,2,1,1,0,3
130460,2025-01-31 04:14:45.736336,0.128,8,4263.906596,0.128,7,0xcaf00370,0,0,51,5300,5300,1,0,0,6,1,0,30,1,2,1,1,0,3
132433,2025-01-31 04:14:45.796222,59.886,8,4263.966483,59.887,1,0xcaf00370,0,0,51,5300,5300,2,1,0,62,1,0,0,1,0,0,3,132,0
132434,2025-01-31 04:14:45.796353,0.131,8,4263.966614,0.131,7,0xcaf00370,0,0,51,5300,5300,2,1,0,62,1,0,0,1,0,0,3,132,0
134051,2025-01-31 04:14:45.846205,49.852000000000004,8,4264.016465,49.851,1,0xcaf00370,0,0,51,6104,6104,3,1,0,6,1,0,30,1,2,1,1,253,3
134052,2025-01-31 04:14:45.846337,0.132,8,4264.016597,0.132,7,0xcaf00370,0,0,51,6104,6104,3,1,0,6,1,0,30,1,2,1,1,253,3
136021,2025-01-31 04:14:45.906440,60.102999999999994,8,4264.0767,60.103,1,0xcaf00370,0,0,51,6152,6152,0,1,0,6,1,0,30,1,2,1,1,0,3
136023,2025-01-31 04:14:45.906575,0.135,8,4264.076835,0.135,7,0xcaf00370,0,0,51,6152,6152,0,1,0,6,1,0,30,1,2,1,1,0,3
137666,2025-01-31 04:14:45.956184,49.609,8,4264.126444,49.609,1,0xcaf00370,0,0,56,71,71,1,1,0,6,1,0,30,4,0,1,9,247,1
137667,2025-01-31 04:14:45.956318,0.134,8,4264.126578,0.134,7,0xcaf00370,0,0,56,71,71,1,1,0,6,1,0,30,4,0,1,9,247,1
140040,2025-01-31 04:14:46.026445,70.127,8,4264.196705,70.127,1,0xcaf00370,0,0,56,92,92,2,1,0,6,1,0,30,4,0,1,9,253,1
140042,2025-01-31 04:14:46.026583,0.13799999999999998,8,4264.196843,0.138,7,0xcaf00370,0,0,56,92,92,2,1,0,6,1,0,30,4,0,1,9,253,1
141705,2025-01-31 04:14:46.076139,49.556000000000004,8,4264.246399,49.556,1,0xcaf00370,0,0,56,178,178,3,1,0,6,1,0,30,4,0,1,9,14,1
141709,2025-01-31 04:14:46.076278,0.13899999999999998,8,4264.246538,0.139,7,0xcaf00370,0,0,56,178,178,3,1,0,6,1,0,30,4,0,1,9,14,1
143640,2025-01-31 04:14:46.136244,59.966,8,4264.306505,59.967,1,0xcaf00370,0,0,56,398,398,0,0,0,6,1,0,17,4,0,1,9,4,1
143643,2025-01-31 04:14:46.136384,0.13999999999999999,8,4264.306644,0.139,7,0xcaf00370,0,0,56,398,398,0,0,0,6,1,0,17,4,0,1,9,4,1
145297,2025-01-31 04:14:46.186157,49.772999999999996,8,4264.356417,49.773,1,0xcaf00370,0,0,56,398,398,1,1,0,63,1,0,13,4,0,1,9,234,1
145298,2025-01-31 04:14:46.186298,0.14100000000000001,8,4264.356558,0.141,7,0xcaf00370,0,0,56,398,398,1,1,0,63,1,0,13,4,0,1,9,234,1
146918,2025-01-31 04:14:46.236560,50.262,8,4264.40682,50.262,1,0xcaf00370,0,0,56,412,412,2,0,0,6,1,0,30,4,0,1,9,3,1
146919,2025-01-31 04:14:46.236704,0.14400000000000002,8,4264.406965,0.145,7,0xcaf00370,0,0,56,412,412,2,0,0,6,1,0,30,4,0,1,9,3,1
148549,2025-01-31 04:14:46.286469,49.76499999999999,8,4264.45673,49.765,1,0xcaf00370,0,0,56,412,412,3,0,0,8,1,0,0,4,0,0,10,28,0
148550,2025-01-31 04:14:46.286617,0.148,8,4264.456877,0.147,7,0xcaf00370,0,0,56,412,412,3,0,0,8,1,0,0,4,0,0,10,28,0
150421,2025-01-31 04:14:46.346413,59.796,8,4264.516674,59.797,1,0xcaf00370,0,0,56,412,412,0,0,0,9,1,0,0,4,0,1,9,85,1
150422,2025-01-31 04:14:46.346562,0.149,8,4264.516822,0.148,7,0xcaf00370,0,0,56,412,412,0,0,0,9,1,0,0,4,0,1,9,85,1
152139,2025-01-31 04:14:46.398041,51.479,8,4264.568301,51.479,1,0xcaf00370,0,0,56,412,412,1,0,0,10,1,0,0,4,0,1,9,179,1
152140,2025-01-31 04:14:46.398049,0.008,8,4264.568309,0.008,7,0xcaf00370,0,0,56,412,412,1,0,0,10,1,0,0,4,0,1,9,179,1
154041,2025-01-31 04:14:46.456171,58.122,8,4264.626431,58.122,1,0xcaf00370,0,0,56,412,412,2,1,0,11,1,0,0,4,0,0,10,208,0
154043,2025-01-31 04:14:46.456323,0.152,8,4264.626583,0.152,7,0xcaf00370,0,0,56,412,412,2,1,0,11,1,0,0,4,0,0,10,208,0
155692,2025-01-31 04:14:46.506351,50.028000000000006,8,4264.676612,50.029,1,0xcaf00370,0,0,56,425,425,3,0,0,6,1,0,30,4,0,1,9,2,1
155695,2025-01-31 04:14:46.506509,0.158,8,4264.676769,0.157,7,0xcaf00370,0,0,56,425,425,3,0,0,6,1,0,30,4,0,1,9,2,1
157334,2025-01-31 04:14:46.556410,49.901,8,4264.72667,49.901,1,0xcaf00370,0,0,56,425,425,0,1,0,12,1,0,0,4,0,0,10,159,0
157335,2025-01-31 04:14:46.556576,0.166,8,4264.726836,0.166,7,0xcaf00370,0,0,56,425,425,0,1,0,12,1,0,0,4,0,0,10,159,0
159063,2025-01-31 04:14:46.606867,50.291000000000004,8,4264.777127,50.291,1,0xcaf00370,0,0,57,114,114,1,0,0,6,1,0,30,4,0,1,13,29,1
159064,2025-01-31 04:14:46.607001,0.134,8,4264.777261,0.134,7,0xcaf00370,0,0,57,114,114,1,0,0,6,1,0,30,4,0,1,13,29,1
161343,2025-01-31 04:14:46.676409,69.408,8,4264.846669,69.408,1,0xcaf00370,0,0,57,114,114,2,1,0,13,1,0,0,4,0,0,3,173,0
161350,2025-01-31 04:14:46.676595,0.186,8,4264.846855,0.186,7,0xcaf00370,0,0,57,114,114,2,1,0,13,1,0,0,4,0,0,3,173,0
163058,2025-01-31 04:14:46.726314,49.719,8,4264.896574,49.719,1,0xcaf00370,0,0,57,156,156,3,1,0,6,1,0,30,4,0,1,13,230,1
163060,2025-01-31 04:14:46.726509,0.195,8,4264.896769,0.195,7,0xcaf00370,0,0,57,156,156,3,1,0,6,1,0,30,4,0,1,13,230,1
165003,2025-01-31 04:14:46.786110,59.601,8,4264.95637,59.601,1,0xcaf00370,0,0,57,457,457,0,0,0,6,1,0,30,1,0,1,1,249,3
165005,2025-01-31 04:14:46.786315,0.205,8,4264.956575,0.205,7,0xcaf00370,0,0,57,457,457,0,0,0,6,1,0,30,1,0,1,1,249,3
166642,2025-01-31 04:14:46.836103,49.788,8,4265.006363,49.788,1,0xcaf00370,0,0,57,457,457,1,1,0,14,1,0,0,1,0,0,1,122,0
166649,2025-01-31 04:14:46.836314,0.211,8,4265.006574,0.211,7,0xcaf00370,0,0,57,457,457,1,1,0,14,1,0,0,1,0,0,1,122,0
168955,2025-01-31 04:14:46.906793,70.479,8,4265.077053,70.479,1,0xcaf00370,0,0,51,7338,7338,2,1,0,6,1,0,30,1,2,1,1,3,3
168959,2025-01-31 04:14:46.907011,0.21800000000000003,8,4265.077271,0.218,7,0xcaf00370,0,0,51,7338,7338,2,1,0,6,1,0,30,1,2,1,1,3,3
170585,2025-01-31 04:14:46.956352,49.341,8,4265.126612,49.341,1,0xcaf00370,0,0,51,7406,7406,3,1,0,6,1,0,30,1,2,1,1,0,3
170587,2025-01-31 04:14:46.956576,0.224,8,4265.126836,0.224,7,0xcaf00370,0,0,51,7406,7406,3,1,0,6,1,0,30,1,2,1,1,0,3
172360,2025-01-31 04:14:47.006344,49.768,8,4265.176605,49.769,1,0xcaf00370,0,0,51,260,260,0,1,0,6,1,0,30,4,2,1,13,246,1
172363,2025-01-31 04:14:47.006572,0.228,8,4265.176832,0.227,7,0xcaf00370,0,0,51,260,260,0,1,0,6,1,0,30,4,2,1,13,246,1
173980,2025-01-31 04:14:47.056091,49.519,8,4265.226351,49.519,1,0xcaf00370,0,0,51,288,288,1,1,0,6,1,0,30,4,2,1,13,246,1
173982,2025-01-31 04:14:47.056324,0.23299999999999998,8,4265.226584,0.233,7,0xcaf00370,0,0,51,288,288,1,1,0,6,1,0,30,4,2,1,13,246,1
176017,2025-01-31 04:14:47.116089,59.765,8,4265.286349,59.765,1,0xcaf00370,0,0,51,298,298,2,0,0,6,1,0,26,4,2,1,13,0,1
176018,2025-01-31 04:14:47.116330,0.241,8,4265.28659,0.241,7,0xcaf00370,0,0,51,298,298,2,0,0,6,1,0,26,4,2,1,13,0,1
177695,2025-01-31 04:14:47.166105,49.775,8,4265.336365,49.775,1,0xcaf00370,0,0,51,298,298,3,1,0,56,1,0,4,4,0,1,9,247,1
177696,2025-01-31 04:14:47.166351,0.24600000000000002,8,4265.336611,0.246,7,0xcaf00370,0,0,51,298,298,3,1,0,56,1,0,4,4,0,1,9,247,1
179340,2025-01-31 04:14:47.216347,49.996,8,4265.386607,49.996,1,0xcaf00370,0,0,51,339,339,0,0,0,6,1,0,16,4,2,1,13,238,1
179343,2025-01-31 04:14:47.216600,0.253,8,4265.386861,0.254,7,0xcaf00370,0,0,51,339,339,0,0,0,6,1,0,16,4,2,1,13,238,1
180941,2025-01-31 04:14:47.266351,49.751,8,4265.436611,49.75,1,0xcaf00370,0,0,51,339,339,1,1,0,57,1,0,14,4,0,1,13,30,1
180943,2025-01-31 04:14:47.266608,0.257,8,4265.436869,0.258,7,0xcaf00370,0,0,51,339,339,1,1,0,57,1,0,14,4,0,1,13,30,1
182886,2025-01-31 04:14:47.326337,59.729,8,4265.496597,59.728,1,0xcaf00370,0,0,51,368,368,2,1,0,6,1,0,30,4,2,1,13,249,1
182888,2025-01-31 04:14:47.326601,0.264,8,4265.496861,0.264,7,0xcaf00370,0,0,51,368,368,2,1,0,6,1,0,30,4,2,1,13,249,1
184487,2025-01-31 04:14:47.376363,49.762,8,4265.546623,49.762,1,0xcaf00370,0,0,51,407,407,3,1,0,6,1,0,30,4,2,1,13,251,1
184494,2025-01-31 04:14:47.376634,0.27099999999999996,8,4265.546894,0.271,7,0xcaf00370,0,0,51,407,407,3,1,0,6,1,0,30,4,2,1,13,251,1
186495,2025-01-31 04:14:47.436353,59.719,8,4265.606614,59.72,1,0xcaf00370,0,0,51,418,418,0,0,0,6,1,0,30,4,2,1,13,4,1
186500,2025-01-31 04:14:47.436630,0.277,8,4265.60689,0.276,7,0xcaf00370,0,0,51,418,418,0,0,0,6,1,0,30,4,2,1,13,4,1
188150,2025-01-31 04:14:47.486361,49.730999999999995,8,4265.656621,49.731,1,0xcaf00370,0,0,51,418,418,1,1,0,58,1,0,0,4,0,0,10,212,0
188153,2025-01-31 04:14:47.486642,0.281,8,4265.656902,0.281,7,0xcaf00370,0,0,51,418,418,1,1,0,58,1,0,0,4,0,0,10,212,0
190076,2025-01-31 04:14:47.546327,59.685,8,4265.716587,59.685,1,0xcaf00370,0,0,51,461,461,2,1,0,6,1,0,30,4,2,1,13,10,1
190078,2025-01-31 04:14:47.546611,0.28400000000000003,8,4265.716871,0.284,7,0xcaf00370,0,0,51,461,461,2,1,0,6,1,0,30,4,2,1,13,10,1
191767,2025-01-31 04:14:47.596063,49.452000000000005,8,4265.766323,49.452,1,0xcaf00370,0,0,51,493,493,3,1,0,6,1,0,30,4,2,1,13,9,1
191769,2025-01-31 04:14:47.596347,0.28400000000000003,8,4265.766608,0.285,7,0xcaf00370,0,0,51,493,493,3,1,0,6,1,0,30,4,2,1,13,9,1
193678,2025-01-31 04:14:47.656066,59.719,8,4265.826326,59.718,1,0xcaf00370,0,0,51,530,530,0,1,0,6,1,0,30,4,2,1,13,0,1
193683,2025-01-31 04:14:47.656352,0.28600000000000003,8,4265.826612,0.286,7,0xcaf00370,0,0,51,530,530,0,1,0,6,1,0,30,4,2,1,13,0,1
195372,2025-01-31 04:14:47.708459,52.107,8,4265.87872,52.108,1,0xcaf00370,0,0,51,542,542,1,1,0,6,1,0,30,4,2,1,13,1,1
195387,2025-01-31 04:14:47.708838,0.379,8,4265.879098,0.378,7,0xcaf00370,0,0,51,542,542,1,1,0,6,1,0,30,4,2,1,13,1,1
197969,2025-01-31 04:14:47.786328,77.49000000000001,8,4265.956588,77.49,1,0xcaf00370,0,0,51,593,593,2,1,0,6,1,0,30,4,2,1,13,24,1
197978,2025-01-31 04:14:47.786654,0.326,8,4265.956914,0.326,7,0xcaf00370,0,0,51,593,593,2,1,0,6,1,0,30,4,2,1,13,24,1
199593,2025-01-31 04:14:47.836075,49.421,8,4266.006335,49.421,1,0xcaf00370,0,0,51,648,648,3,1,0,6,1,0,30,4,2,1,13,0,1
199601,2025-01-31 04:14:47.836356,0.281,8,4266.006616,0.281,7,0xcaf00370,0,0,51,648,648,3,1,0,6,1,0,30,4,2,1,13,0,1
201603,2025-01-31 04:14:47.896070,59.714000000000006,8,4266.06633,59.714,1,0xcaf00370,0,0,51,721,721,0,0,0,6,1,0,30,4,2,1,13,237,1
201605,2025-01-31 04:14:47.896342,0.272,8,4266.066602,0.272,7,0xcaf00370,0,0,51,721,721,0,0,0,6,1,0,30,4,2,1,13,237,1
203259,2025-01-31 04:14:47.946053,49.711,8,4266.116313,49.711,1,0xcaf00370,0,0,51,721,721,1,1,0,59,1,0,0,4,0,0,3,80,0
203262,2025-01-31 04:14:47.946315,0.262,8,4266.116575,0.262,7,0xcaf00370,0,0,51,721,721,1,1,0,59,1,0,0,4,0,0,3,80,0
204992,2025-01-31 04:14:47.996350,50.035000000000004,8,4266.16661,50.035,1,0xcaf00370,0,0,51,763,763,2,1,0,6,1,0,30,4,2,1,13,230,1
204996,2025-01-31 04:14:47.996604,0.254,8,4266.166864,0.254,7,0xcaf00370,0,0,51,763,763,2,1,0,6,1,0,30,4,2,1,13,230,1
206689,2025-01-31 04:14:48.046237,49.632999999999996,8,4266.216497,49.633,1,0xcaf00370,0,0,51,1065,1065,3,0,0,6,1,0,30,1,2,1,1,249,3
206691,2025-01-31 04:14:48.046481,0.244,8,4266.216742,0.245,7,0xcaf00370,0,0,51,1065,1065,3,0,0,6,1,0,30,1,2,1,1,249,3
208709,2025-01-31 04:14:48.106573,60.092,8,4266.276833,60.091,1,0xcaf00370,0,0,51,1065,1065,0,1,0,60,1,0,0,1,0,0,1,122,0
208711,2025-01-31 04:14:48.106806,0.23299999999999998,8,4266.277066,0.233,7,0xcaf00370,0,0,51,1065,1065,0,1,0,60,1,0,0,1,0,0,1,122,0
210359,2025-01-31 04:14:48.156348,49.542,8,4266.326609,49.543,1,0xcaf00370,0,0,51,1312,1312,1,1,0,6,1,0,30,1,2,1,1,0,3
210362,2025-01-31 04:14:48.156573,0.225,8,4266.326833,0.224,7,0xcaf00370,0,0,51,1312,1312,1,1,0,6,1,0,30,1,2,1,1,0,3
212398,2025-01-31 04:14:48.216107,59.534,8,4266.386367,59.534,1,0xcaf00370,0,0,51,1596,1596,2,1,0,6,1,0,30,1,2,1,1,4,3
212400,2025-01-31 04:14:48.216319,0.212,8,4266.386579,0.212,7,0xcaf00370,0,0,51,1596,1596,2,1,0,6,1,0,30,1,2,1,1,4,3
214041,2025-01-31 04:14:48.266188,49.869,8,4266.436449,49.87,1,0xcaf00370,0,0,51,1678,1678,3,1,0,6,1,0,30,1,2,1,1,1,3
214042,2025-01-31 04:14:48.266393,0.205,8,4266.436653,0.204,7,0xcaf00370,0,0,51,1678,1678,3,1,0,6,1,0,30,1,2,1,1,1,3
216339,2025-01-31 04:14:48.336425,70.032,8,4266.506685,70.032,1,0xcaf00370,0,0,51,1722,1722,0,1,0,6,1,0,30,1,2,1,1,2,3
216340,2025-01-31 04:14:48.336617,0.192,8,4266.506877,0.192,7,0xcaf00370,0,0,51,1722,1722,0,1,0,6,1,0,30,1,2,1,1,2,3
217973,2025-01-31 04:14:48.386122,49.505,8,4266.556382,49.505,1,0xcaf00370,0,0,51,1775,1775,1,1,0,6,1,0,30,1,2,1,1,4,3
217978,2025-01-31 04:14:48.386437,0.315,8,4266.556697,0.315,7,0xcaf00370,0,0,51,1775,1775,1,1,0,6,1,0,30,1,2,1,1,4,3
219673,2025-01-31 04:14:48.436427,49.99,8,4266.606687,49.99,1,0xcaf00370,0,0,51,1982,1982,2,1,0,6,1,0,30,1,2,1,1,3,3
219674,2025-01-31 04:14:48.436599,0.17200000000000001,8,4266.60686,0.173,7,0xcaf00370,0,0,51,1982,1982,2,1,0,6,1,0,30,1,2,1,1,3,3
221323,2025-01-31 04:14:48.486137,49.538,8,4266.656397,49.537,1,0xcaf00370,0,0,51,3236,3236,3,1,0,6,1,0,30,1,2,1,1,253,3
221324,2025-01-31 04:14:48.486299,0.162,8,4266.656559,0.162,7,0xcaf00370,0,0,51,3236,3236,3,1,0,6,1,0,30,1,2,1,1,253,3
223269,2025-01-31 04:14:48.546162,59.863,8,4266.716422,59.863,1,0xcaf00370,0,0,51,3336,3336,0,1,0,6,1,0,30,1,2,1,1,250,3
223270,2025-01-31 04:14:48.546305,0.14300000000000002,8,4266.716565,0.143,7,0xcaf00370,0,0,51,3336,3336,0,1,0,6,1,0,30,1,2,1,1,250,3
224986,2025-01-31 04:14:48.596149,49.844,8,4266.766409,49.844,1,0xcaf00370,0,0,51,3800,3800,1,1,0,6,1,0,30,1,2,1,1,250,3
224990,2025-01-31 04:14:48.596279,0.12999999999999998,8,4266.766539,0.13,7,0xcaf00370,0,0,51,3800,3800,1,1,0,6,1,0,30,1,2,1,1,250,3
227293,2025-01-31 04:14:48.666502,70.223,8,4266.836762,70.223,1,0xcaf00370,0,0,51,3839,3839,2,1,0,6,1,0,30,1,2,1,1,0,3
227294,2025-01-31 04:14:48.666610,0.108,8,4266.836871,0.109,7,0xcaf00370,0,0,51,3839,3839,2,1,0,6,1,0,30,1,2,1,1,0,3
228958,2025-01-31 04:14:48.718372,51.762,8,4266.888632,51.761,1,0xcaf00370,0,0,51,4218,4218,3,0,0,6,1,0,26,1,2,1,1,252,3
228960,2025-01-31 04:14:48.718465,0.093,8,4266.888725,0.093,7,0xcaf00370,0,0,51,4218,4218,3,0,0,6,1,0,26,1,2,1,1,252,3
230857,2025-01-31 04:14:48.776197,57.732,8,4266.946457,57.732,1,0xcaf00370,0,0,51,4218,4218,0,1,0,61,1,0,4,1,0,1,6,246,1
230861,2025-01-31 04:14:48.776331,0.134,8,4266.946592,0.135,7,0xcaf00370,0,0,51,4218,4218,0,1,0,61,1,0,4,1,0,1,6,246,1
232899,2025-01-31 04:14:48.836243,59.912,8,4267.006503,59.911,1,0xcaf00370,0,0,51,5300,5300,1,0,0,6,1,0,30,1,2,1,1,0,3
232900,2025-01-31 04:14:48.836306,0.063,8,4267.006566,0.063,7,0xcaf00370,0,0,51,5300,5300,1,0,0,6,1,0,30,1,2,1,1,0,3
234875,2025-01-31 04:14:48.896272,59.966,8,4267.066533,59.967,1,0xcaf00370,0,0,7,8191,8191,2,0,0,0,0,0,31,7,3,0,15,254,15
234876,2025-01-31 04:14:48.896325,0.053,8,4267.066585,0.052,7,0xcaf00370,0,0,7,8191,8191,2,0,0,0,0,0,31,7,3,0,15,254,15
236516,2025-01-31 04:14:48.946226,49.901,8,4267.116486,49.901,1,0xcaf00370,0,0,7,8191,8191,3,0,0,0,1,0,31,7,3,0,15,254,15
236517,2025-01-31 04:14:48.946269,0.043000000000000003,8,4267.116529,0.043,7,0xcaf00370,0,0,7,8191,8191,3,0,0,0,1,0,31,7,3,0,15,254,15
238563,2025-01-31 04:14:49.006475,60.206,8,4267.176735,60.206,1,0xcaf00370,0,0,7,8191,8191,0,0,0,0,1,0,31,7,3,0,15,254,15
238564,2025-01-31 04:14:49.006509,0.034,8,4267.176769,0.034,7,0xcaf00370,0,0,7,8191,8191,0,0,0,0,1,0,31,7,3,0,15,254,15
240220,2025-01-31 04:14:49.056213,49.704,8,4267.226473,49.704,1,0xcaf00370,0,0,7,8191,8191,1,0,0,0,1,0,31,7,3,0,15,254,15
240221,2025-01-31 04:14:49.056238,0.025,8,4267.226498,0.025,7,0xcaf00370,0,0,7,8191,8191,1,0,0,0,1,0,31,7,3,0,15,254,15
242222,2025-01-31 04:14:49.116256,60.018,8,4267.286516,60.018,1,0xcaf00370,0,0,7,8191,8191,2,0,0,0,1,0,31,7,3,0,15,254,15
242223,2025-01-31 04:14:49.116271,0.015000000000000001,8,4267.286531,0.015,7,0xcaf00370,0,0,7,8191,8191,2,0,0,0,1,0,31,7,3,0,15,254,15
243931,2025-01-31 04:14:49.166437,50.166000000000004,8,4267.336698,50.167,1,0xcaf00370,0,0,7,8191,8191,3,0,0,0,1,0,31,7,3,0,15,254,15
243932,2025-01-31 04:14:49.166444,0.007,8,4267.336704,0.006,7,0xcaf00370,0,0,7,8191,8191,3,0,0,0,1,0,31,7,3,0,15,254,15
245875,2025-01-31 04:14:49.226790,60.346,8,4267.39705,60.346,7,0xcaf00370,0,0,7,8191,8191,0,0,0,0,1,0,31,7,3,0,15,254,15
245876,2025-01-31 04:14:49.226793,0.003,8,4267.397054,0.004,1,0xcaf00370,0,0,7,8191,8191,0,0,0,0,1,0,31,7,3,0,15,254,15
247519,2025-01-31 04:14:49.276479,49.686,8,4267.44674,49.686,7,0xcaf00370,0,0,7,8191,8191,1,0,0,0,1,0,31,7,3,0,15,254,15
247520,2025-01-31 04:14:49.276491,0.012,8,4267.446751,0.011,1,0xcaf00370,0,0,7,8191,8191,1,0,0,0,1,0,31,7,3,0,15,254,15
249479,2025-01-31 04:14:49.336378,59.887,8,4267.506638,59.887,7,0xcaf00370,0,0,7,8191,8191,2,0,0,0,1,0,31,7,3,0,15,254,15
249481,2025-01-31 04:14:49.336402,0.024,8,4267.506662,0.024,1,0xcaf00370,0,0,7,8191,8191,2,0,0,0,1,0,31,7,3,0,15,254,15
251105,2025-01-31 04:14:49.386281,49.879,8,4267.556541,49.879,7,0xcaf00370,0,0,7,8191,8191,3,0,0,0,1,0,31,7,3,0,15,254,15
251106,2025-01-31 04:14:49.386312,0.031,8,4267.556572,0.031,1,0xcaf00370,0,0,7,8191,8191,3,0,0,0,1,0,31,7,3,0,15,254,15
253066,2025-01-31 04:14:49.446245,59.933,8,4267.616505,59.933,7,0xcaf00370,0,0,7,8191,8191,0,0,0,0,1,0,31,7,3,0,15,254,15
253069,2025-01-31 04:14:49.446338,0.093,8,4267.616598,0.093,1,0xcaf00370,0,0,7,8191,8191,0,0,0,0,1,0,31,7,3,0,15,254,15
254729,2025-01-31 04:14:49.496523,50.185,8,4267.666783,50.185,7,0xcaf00370,0,0,7,8191,8191,1,0,0,0,1,0,31,7,3,0,15,254,15
254730,2025-01-31 04:14:49.496567,0.044,8,4267.666828,0.045,1,0xcaf00370,0,0,7,8191,8191,1,0,0,0,1,0,31,7,3,0,15,254,15
256671,2025-01-31 04:14:49.556530,59.963,8,4267.72679,59.962,7,0xcaf00370,0,0,7,8191,8191,2,0,0,0,1,0,31,7,3,0,15,254,15
256674,2025-01-31 04:14:49.556567,0.037,8,4267.726827,0.037,1,0xcaf00370,0,0,7,8191,8191,2,0,0,0,1,0,31,7,3,0,15,254,15
258337,2025-01-31 04:14:49.606445,49.878,8,4267.776705,49.878,7,0xcaf00370,0,0,7,8191,8191,3,0,0,0,1,0,31,7,3,0,15,254,15
258340,2025-01-31 04:14:49.606484,0.039,8,4267.776744,0.039,1,0xcaf00370,0,0,7,8191,8191,3,0,0,0,1,0,31,7,3,0,15,254,15
260297,2025-01-31 04:14:49.666263,59.778999999999996,8,4267.836523,59.779,7,0xcaf00370,0,0,7,8191,8191,0,0,0,0,1,0,31,7,3,0,15,254,15
260298,2025-01-31 04:14:49.666303,0.04,8,4267.836563,0.04,1,0xcaf00370,0,0,7,8191,8191,0,0,0,0,1,0,31,7,3,0,15,254,15
261926,2025-01-31 04:14:49.716578,50.275,8,4267.886838,50.275,7,0xcaf00370,0,0,7,8191,8191,1,0,0,0,1,0,31,7,3,0,15,254,15
261929,2025-01-31 04:14:49.716633,0.055,8,4267.886893,0.055,1,0xcaf00370,0,0,7,8191,8191,1,0,0,0,1,0,31,7,3,0,15,254,15
263942,2025-01-31 04:14:49.776980,60.347,8,4267.94724,60.347,7,0xcaf00370,0,0,7,8191,8191,2,0,0,0,1,0,31,7,3,0,15,254,15
263944,2025-01-31 04:14:49.776990,0.01,8,4267.947251,0.011,1,0xcaf00370,0,0,7,8191,8191,2,0,0,0,1,0,31,7,3,0,15,254,15
265495,2025-01-31 04:14:49.826885,49.895,8,4267.997146,49.895,7,0xcaf00370,0,0,7,8191,8191,3,0,0,0,1,0,31,7,3,0,15,254,15
265502,2025-01-31 04:14:49.827109,0.224,8,4267.997369,0.223,1,0xcaf00370,0,0,7,8191,8191,3,0,0,0,1,0,31,7,3,0,15,254,15
267179,2025-01-31 04:14:49.876782,49.673,8,4268.047042,49.673,7,0xcaf00370,0,0,7,8191,8191,0,0,0,0,1,0,31,7,3,0,15,254,15
267190,2025-01-31 04:14:49.877096,0.314,8,4268.047356,0.314,1,0xcaf00370,0,0,7,8191,8191,0,0,0,0,1,0,31,7,3,0,15,254,15
268773,2025-01-31 04:14:49.926681,49.584999999999994,8,4268.096941,49.585,7,0xcaf00370,0,0,7,8191,8191,1,0,0,0,1,0,31,7,3,0,15,254,15
268774,2025-01-31 04:14:49.926704,0.023,8,4268.096964,0.023,1,0xcaf00370,0,0,7,8191,8191,1,0,0,0,1,0,31,7,3,0,15,254,15
271131,2025-01-31 04:14:49.996653,69.949,8,4268.166913,69.949,7,0xcaf00370,0,0,7,8191,8191,2,0,0,0,1,0,31,7,3,0,15,254,15
271141,2025-01-31 04:14:49.996915,0.262,8,4268.167176,0.263,1,0xcaf00370,0,0,7,8191,8191,2,0,0,0,1,0,31,7,3,0,15,254,15
272754,2025-01-31 04:14:50.046248,49.333,8,4268.216509,49.333,1,0xcaf00370,0,0,7,8191,8191,3,0,0,0,1,0,31,7,3,0,15,254,15
272762,2025-01-31 04:14:50.046484,0.236,8,4268.216744,0.235,7,0xcaf00370,0,0,7,8191,8191,3,0,0,0,1,0,31,7,3,0,15,254,15
274800,2025-01-31 04:14:50.106740,60.256,8,4268.277001,60.257,7,0xcaf00370,0,0,7,8191,8191,0,0,0,0,1,0,31,7,3,0,15,254,15
274802,2025-01-31 04:14:50.106780,0.04,8,4268.27704,0.039,1,0xcaf00370,0,0,7,8191,8191,0,0,0,0,1,0,31,7,3,0,15,254,15
276406,2025-01-31 04:14:50.156574,49.794,8,4268.326834,49.794,1,0xcaf00370,0,0,7,8191,8191,1,0,0,0,1,0,31,7,3,0,15,254,15
276410,2025-01-31 04:14:50.156633,0.059,8,4268.326893,0.059,7,0xcaf00370,0,0,7,8191,8191,1,0,0,0,1,0,31,7,3,0,15,254,15
278103,2025-01-31 04:14:50.206727,50.094,8,4268.376987,50.094,1,0xcaf00370,0,0,7,8191,8191,2,0,0,0,1,0,31,7,3,0,15,254,15
278106,2025-01-31 04:14:50.206759,0.032,8,4268.37702,0.033,7,0xcaf00370,0,0,7,8191,8191,2,0,0,0,1,0,31,7,3,0,15,254,15
279732,2025-01-31 04:14:50.256547,49.788,8,4268.426808,49.788,1,0xcaf00370,0,0,7,8191,8191,3,0,0,0,1,0,31,7,3,0,15,254,15
279737,2025-01-31 04:14:50.256761,0.214,8,4268.427021,0.213,7,0xcaf00370,0,0,7,8191,8191,3,0,0,0,1,0,31,7,3,0,15,254,15
281370,2025-01-31 04:14:50.306803,50.042,8,4268.477063,50.042,7,0xcaf00370,0,0,7,8191,8191,0,0,0,0,1,0,31,7,3,0,15,254,15
281372,2025-01-31 04:14:50.306817,0.014,8,4268.477077,0.014,1,0xcaf00370,0,0,7,8191,8191,0,0,0,0,1,0,31,7,3,0,15,254,15
282987,2025-01-31 04:14:50.356545,49.728,8,4268.526805,49.728,1,0xcaf00370,0,0,7,8191,8191,1,0,0,0,1,0,31,7,3,0,15,254,15
282996,2025-01-31 04:14:50.356853,0.308,8,4268.527114,0.309,7,0xcaf00370,0,0,7,8191,8191,1,0,0,0,1,0,31,7,3,0,15,254,15
285251,2025-01-31 04:14:50.426625,69.772,8,4268.596885,69.771,1,0xcaf00370,0,0,7,8191,8191,2,0,0,0,1,0,31,7,3,0,15,254,15
285257,2025-01-31 04:14:50.426733,0.108,8,4268.596993,0.108,7,0xcaf00370,0,0,7,8191,8191,2,0,0,0,1,0,31,7,3,0,15,254,15
286999,2025-01-31 04:14:50.476533,49.8,8,4268.646794,49.801,1,0xcaf00370,0,0,7,8191,8191,3,0,0,0,1,0,31,7,3,0,15,254,15
287000,2025-01-31 04:14:50.476567,0.034,8,4268.646827,0.033,7,0xcaf00370,0,0,7,8191,8191,3,0,0,0,1,0,31,7,3,0,15,254,15
288945,2025-01-31 04:14:50.536541,59.974,8,4268.706801,59.974,1,0xcaf00370,0,0,7,8191,8191,0,0,0,0,1,0,31,7,3,0,15,254,15
288948,2025-01-31 04:14:50.536644,0.103,8,4268.706904,0.103,7,0xcaf00370,0,0,7,8191,8191,0,0,0,0,1,0,31,7,3,0,15,254,15
290625,2025-01-31 04:14:50.586456,49.812000000000005,8,4268.756716,49.812,1,0xcaf00370,0,0,7,8191,8191,1,0,0,0,1,0,31,7,3,0,15,254,15
290628,2025-01-31 04:14:50.586538,0.082,8,4268.756799,0.083,7,0xcaf00370,0,0,7,8191,8191,1,0,0,0,1,0,31,7,3,0,15,254,15
292521,2025-01-31 04:14:50.646277,59.739,8,4268.816537,59.738,1,0xcaf00370,0,0,7,8191,8191,2,0,0,0,1,0,31,7,3,0,15,254,15
292522,2025-01-31 04:14:50.646356,0.079,8,4268.816616,0.079,7,0xcaf00370,0,0,7,8191,8191,2,0,0,0,1,0,31,7,3,0,15,254,15
294243,2025-01-31 04:14:50.696262,49.906,8,4268.866522,49.906,1,0xcaf00370,0,0,7,8191,8191,3,0,0,0,1,0,31,7,3,0,15,254,15
294244,2025-01-31 04:14:50.696338,0.076,8,4268.866599,0.077,7,0xcaf00370,0,0,7,8191,8191,3,0,0,0,1,0,31,7,3,0,15,254,15
296172,2025-01-31 04:14:50.756281,59.943000000000005,8,4268.926541,59.942,1,0xcaf00370,0,0,7,8191,8191,0,0,0,0,1,0,31,7,3,0,15,254,15
296174,2025-01-31 04:14:50.756357,0.076,8,4268.926617,0.076,7,0xcaf00370,0,0,7,8191,8191,0,0,0,0,1,0,31,7,3,0,15,254,15
297826,2025-01-31 04:14:50.806667,50.31,8,4268.976927,50.31,1,0xcaf00370,0,0,7,8191,8191,1,0,0,0,1,0,31,7,3,0,15,254,15
297827,2025-01-31 04:14:50.806740,0.073,8,4268.977,0.073,7,0xcaf00370,0,0,7,8191,8191,1,0,0,0,1,0,31,7,3,0,15,254,15
299784,2025-01-31 04:14:50.866282,59.541999999999994,8,4269.036542,59.542,1,0xcaf00370,0,0,7,8191,8191,2,0,0,0,1,0,31,7,3,0,15,254,15
299786,2025-01-31 04:14:50.866349,0.067,8,4269.03661,0.068,7,0xcaf00370,0,0,7,8191,8191,2,0,0,0,1,0,31,7,3,0,15,254,15
301486,2025-01-31 04:14:50.916258,49.909,8,4269.086518,49.908,1,0xcaf00370,0,0,7,8191,8191,3,0,0,0,1,0,31,7,3,0,15,254,15
301487,2025-01-31 04:14:50.916321,0.063,8,4269.086581,0.063,7,0xcaf00370,0,0,7,8191,8191,3,0,0,0,1,0,31,7,3,0,15,254,15
303892,2025-01-31 04:14:50.986772,70.451,8,4269.157032,70.451,1,0xcaf00370,0,0,7,8191,8191,0,0,0,0,1,0,31,7,3,0,15,254,15
303893,2025-01-31 04:14:50.986830,0.058,8,4269.15709,0.058,7,0xcaf00370,0,0,7,8191,8191,0,0,0,0,1,0,31,7,3,0,15,254,15
305570,2025-01-31 04:14:51.036930,50.1,8,4269.20719,50.1,1,0xcaf00370,0,0,7,8191,8191,1,0,0,0,1,0,31,7,3,0,15,254,15
305571,2025-01-31 04:14:51.036982,0.052,8,4269.207242,0.052,7,0xcaf00370,0,0,7,8191,8191,1,0,0,0,1,0,31,7,3,0,15,254,15
307610,2025-01-31 04:14:51.096355,59.373000000000005,8,4269.266615,59.373,1,0xcaf00370,0,0,7,8191,8191,2,0,0,0,1,0,31,7,3,0,15,254,15
307611,2025-01-31 04:14:51.096401,0.046,8,4269.266662,0.047,7,0xcaf00370,0,0,7,8191,8191,2,0,0,0,1,0,31,7,3,0,15,254,15
309175,2025-01-31 04:14:51.146273,49.872,8,4269.316533,49.871,1,0xcaf00370,0,0,7,8191,8191,3,0,0,0,1,0,31,7,3,0,15,254,15
309176,2025-01-31 04:14:51.146317,0.044,8,4269.316578,0.045,7,0xcaf00370,0,0,7,8191,8191,3,0,0,0,1,0,31,7,3,0,15,254,15
310900,2025-01-31 04:14:51.196594,50.277,8,4269.366854,50.276,1,0xcaf00370,0,0,7,8191,8191,0,0,0,0,1,0,31,7,3,0,15,254,15
310901,2025-01-31 04:14:51.196633,0.039,8,4269.366893,0.039,7,0xcaf00370,0,0,7,8191,8191,0,0,0,0,1,0,31,7,3,0,15,254,15
312464,2025-01-31 04:14:51.246598,49.965,8,4269.416858,49.965,1,0xcaf00370,0,0,7,8191,8191,1,0,0,0,1,0,31,7,3,0,15,254,15
312465,2025-01-31 04:14:51.246633,0.034999999999999996,8,4269.416893,0.035,7,0xcaf00370,0,0,7,8191,8191,1,0,0,0,1,0,31,7,3,0,15,254,15
314741,2025-01-31 04:14:51.316334,69.701,8,4269.486595,69.702,7,0xcaf00370,0,0,7,8191,8191,2,0,0,0,1,0,31,7,3,0,15,254,15
314742,2025-01-31 04:14:51.316390,0.056,8,4269.48665,0.055,1,0xcaf00370,0,0,7,8191,8191,2,0,0,0,1,0,31,7,3,0,15,254,15
316408,2025-01-31 04:14:51.366541,50.151,8,4269.536801,50.151,1,0xcaf00370,0,0,7,8191,8191,3,0,0,0,1,0,31,7,3,0,15,254,15
316409,2025-01-31 04:14:51.366565,0.024,8,4269.536825,0.024,7,0xcaf00370,0,0,7,8191,8191,3,0,0,0,1,0,31,7,3,0,15,254,15
318272,2025-01-31 04:14:51.426317,59.752,8,4269.596577,59.752,1,0xcaf00370,0,0,7,8191,8191,0,0,0,0,1,0,31,7,3,0,15,254,15
318273,2025-01-31 04:14:51.426336,0.019,8,4269.596596,0.019,7,0xcaf00370,0,0,7,8191,8191,0,0,0,0,1,0,31,7,3,0,15,254,15
319993,2025-01-31 04:14:51.476504,50.168,8,4269.646764,50.168,1,0xcaf00370,0,0,7,8191,8191,1,0,0,0,1,0,31,7,3,0,15,254,15
319995,2025-01-31 04:14:51.476541,0.037,8,4269.646801,0.037,7,0xcaf00370,0,0,7,8191,8191,1,0,0,0,1,0,31,7,3,0,15,254,15
321910,2025-01-31 04:14:51.536543,60.002,8,4269.706803,60.002,1,0xcaf00370,0,0,7,8191,8191,2,0,0,0,1,0,31,7,3,0,15,254,15
321911,2025-01-31 04:14:51.536562,0.019,8,4269.706822,0.019,7,0xcaf00370,0,0,7,8191,8191,2,0,0,0,1,0,31,7,3,0,15,254,15
323586,2025-01-31 04:14:51.586300,49.738,8,4269.75656,49.738,1,0xcaf00370,0,0,7,8191,8191,3,0,0,0,1,0,31,7,3,0,15,254,15
323587,2025-01-31 04:14:51.586324,0.024,8,4269.756584,0.024,7,0xcaf00370,0,0,7,8191,8191,3,0,0,0,1,0,31,7,3,0,15,254,15
325502,2025-01-31 04:14:51.647774,61.449999999999996,8,4269.818035,61.451,1,0xcaf00370,0,0,7,8191,8191,0,0,0,0,1,0,31,7,3,0,15,254,15
325503,2025-01-31 04:14:51.647804,0.030000000000000002,8,4269.818064,0.029,7,0xcaf00370,0,0,7,8191,8191,0,0,0,0,1,0,31,7,3,0,15,254,15
327167,2025-01-31 04:14:51.696305,48.501000000000005,8,4269.866565,48.501,1,0xcaf00370,0,0,7,8191,8191,1,0,0,0,1,0,31,7,3,0,15,254,15
327168,2025-01-31 04:14:51.696339,0.034,8,4269.866599,0.034,7,0xcaf00370,0,0,7,8191,8191,1,0,0,0,1,0,31,7,3,0,15,254,15
328769,2025-01-31 04:14:51.748348,52.009,8,4269.918608,52.009,1,0xcaf00370,0,0,7,8191,8191,2,0,0,0,1,0,31,7,3,0,15,254,15
328773,2025-01-31 04:14:51.748408,0.060000000000000005,8,4269.918668,0.06,7,0xcaf00370,0,0,7,8191,8191,2,0,0,0,1,0,31,7,3,0,15,254,15
330387,2025-01-31 04:14:51.796327,47.919000000000004,8,4269.966587,47.919,1,0xcaf00370,0,0,7,8191,8191,3,0,0,0,1,0,31,7,3,0,15,254,15
330389,2025-01-31 04:14:51.796367,0.04,8,4269.966627,0.04,7,0xcaf00370,0,0,7,8191,8191,3,0,0,0,1,0,31,7,3,0,15,254,15
332358,2025-01-31 04:14:51.856563,60.196,8,4270.026824,60.197,1,0xcaf00370,0,0,7,8191,8191,0,0,0,0,1,0,31,7,3,0,15,254,15
332359,2025-01-31 04:14:51.856606,0.043000000000000003,8,4270.026866,0.042,7,0xcaf00370,0,0,7,8191,8191,0,0,0,0,1,0,31,7,3,0,15,254,15
333980,2025-01-31 04:14:51.906751,50.145,8,4270.077011,50.145,1,0xcaf00370,0,0,7,8191,8191,1,0,0,0,1,0,31,7,3,0,15,254,15
333981,2025-01-31 04:14:51.906791,0.04,8,4270.077051,0.04,7,0xcaf00370,0,0,7,8191,8191,1,0,0,0,1,0,31,7,3,0,15,254,15
336381,2025-01-31 04:14:51.976902,70.111,8,4270.147162,70.111,1,0xcaf00370,0,0,7,8191,8191,2,0,0,0,1,0,31,7,3,0,15,254,15
336383,2025-01-31 04:14:51.976942,0.04,8,4270.147202,0.04,7,0xcaf00370,0,0,7,8191,8191,2,0,0,0,1,0,31,7,3,0,15,254,15
337934,2025-01-31 04:14:52.026347,49.404999999999994,8,4270.196607,49.405,1,0xcaf00370,0,0,7,8191,8191,3,0,0,0,1,0,31,7,3,0,15,254,15
337935,2025-01-31 04:14:52.026386,0.039,8,4270.196647,0.04,7,0xcaf00370,0,0,7,8191,8191,3,0,0,0,1,0,31,7,3,0,15,254,15
340008,2025-01-31 04:14:52.086412,60.026,8,4270.256672,60.025,1,0xcaf00370,0,0,7,8191,8191,0,0,0,0,1,0,31,7,3,0,15,254,15
340009,2025-01-31 04:14:52.086452,0.04,8,4270.256712,0.04,7,0xcaf00370,0,0,7,8191,8191,0,0,0,0,1,0,31,7,3,0,15,254,15
341563,2025-01-31 04:14:52.136371,49.919,8,4270.306631,49.919,1,0xcaf00370,0,0,7,8191,8191,1,0,0,0,1,0,31,7,3,0,15,254,15
341564,2025-01-31 04:14:52.136409,0.038,8,4270.306669,0.038,7,0xcaf00370,0,0,7,8191,8191,1,0,0,0,1,0,31,7,3,0,15,254,15
343591,2025-01-31 04:14:52.196468,60.059000000000005,8,4270.366728,60.059,1,0xcaf00370,0,0,7,8191,8191,2,0,0,0,1,0,31,7,3,0,15,254,15
343592,2025-01-31 04:14:52.196508,0.04,8,4270.366768,0.04,7,0xcaf00370,0,0,7,8191,8191,2,0,0,0,1,0,31,7,3,0,15,254,15
345166,2025-01-31 04:14:52.246384,49.876,8,4270.416644,49.876,1,0xcaf00370,0,0,7,8191,8191,3,0,0,0,1,0,31,7,3,0,15,254,15
345167,2025-01-31 04:14:52.246421,0.037,8,4270.416681,0.037,7,0xcaf00370,0,0,7,8191,8191,3,0,0,0,1,0,31,7,3,0,15,254,15
346866,2025-01-31 04:14:52.296793,50.372,8,4270.467053,50.372,1,0xcaf00370,0,0,7,8191,8191,0,0,0,0,1,0,31,7,3,0,15,254,15
346867,2025-01-31 04:14:52.296831,0.038,8,4270.467091,0.038,7,0xcaf00370,0,0,7,8191,8191,0,0,0,0,1,0,31,7,3,0,15,254,15
348384,2025-01-31 04:14:52.346389,49.558,8,4270.516649,49.558,1,0xcaf00370,0,0,7,8191,8191,1,0,0,0,1,0,31,7,3,0,15,254,15
348385,2025-01-31 04:14:52.346425,0.036000000000000004,8,4270.516686,0.037,7,0xcaf00370,0,0,7,8191,8191,1,0,0,0,1,0,31,7,3,0,15,254,15
350402,2025-01-31 04:14:52.406864,60.439,8,4270.577124,60.438,1,0xcaf00370,0,0,7,8191,8191,2,0,0,0,1,0,31,7,3,0,15,254,15
350403,2025-01-31 04:14:52.406901,0.037,8,4270.577161,0.037,7,0xcaf00370,0,0,7,8191,8191,2,0,0,0,1,0,31,7,3,0,15,254,15
352035,2025-01-31 04:14:52.456414,49.513,8,4270.626675,49.514,1,0xcaf00370,0,0,7,8191,8191,3,0,0,0,1,0,31,7,3,0,15,254,15
352036,2025-01-31 04:14:52.456451,0.037,8,4270.626711,0.036,7,0xcaf00370,0,0,7,8191,8191,3,0,0,0,1,0,31,7,3,0,15,254,15
353997,2025-01-31 04:14:52.516476,60.025,8,4270.686736,60.025,1,0xcaf00370,0,0,7,8191,8191,0,0,0,0,1,0,31,7,3,0,15,254,15
353998,2025-01-31 04:14:52.516506,0.030000000000000002,8,4270.686767,0.031,7,0xcaf00370,0,0,7,8191,8191,0,0,0,0,1,0,31,7,3,0,15,254,15
355690,2025-01-31 04:14:52.567002,50.496,8,4270.737262,50.495,1,0xcaf00370,0,0,7,8191,8191,1,0,0,0,1,0,31,7,3,0,15,254,15
355692,2025-01-31 04:14:52.567024,0.022,8,4270.737284,0.022,7,0xcaf00370,0,0,7,8191,8191,1,0,0,0,1,0,31,7,3,0,15,254,15
357886,2025-01-31 04:14:52.636842,69.81800000000001,8,4270.807103,69.819,1,0xcaf00370,0,0,7,8191,8191,2,0,0,0,1,0,31,7,3,0,15,254,15
357887,2025-01-31 04:14:52.636852,0.01,8,4270.807112,0.009,7,0xcaf00370,0,0,7,8191,8191,2,0,0,0,1,0,31,7,3,0,15,254,15
359577,2025-01-31 04:14:52.686453,49.601,8,4270.856713,49.601,1,0xcaf00370,0,0,7,8191,8191,3,0,0,0,1,0,31,7,3,0,15,254,15
359578,2025-01-31 04:14:52.686456,0.003,8,4270.856716,0.003,7,0xcaf00370,0,0,7,8191,8191,3,0,0,0,1,0,31,7,3,0,15,254,15
361161,2025-01-31 04:14:52.736523,50.067,8,4270.906783,50.067,7,0xcaf00370,0,0,7,8191,8191,0,0,0,0,1,0,31,7,3,0,15,254,15
361162,2025-01-31 04:14:52.736529,0.006,8,4270.90679,0.007,1,0xcaf00370,0,0,7,8191,8191,0,0,0,0,1,0,31,7,3,0,15,254,15
362816,2025-01-31 04:14:52.786165,49.636,8,4270.956425,49.635,7,0xcaf00370,0,0,7,8191,8191,1,0,0,0,1,0,31,7,3,0,15,254,15
362817,2025-01-31 04:14:52.786178,0.013,8,4270.956439,0.014,1,0xcaf00370,0,0,7,8191,8191,1,0,0,0,1,0,31,7,3,0,15,254,15
365371,2025-01-31 04:14:52.866239,80.06099999999999,8,4271.036499,80.06,7,0xcaf00370,0,0,7,8191,8191,2,0,0,0,1,0,31,7,3,0,15,254,15
365372,2025-01-31 04:14:52.866260,0.020999999999999998,8,4271.036521,0.022,1,0xcaf00370,0,0,7,8191,8191,2,0,0,0,1,0,31,7,3,0,15,254,15
365373,2025-01-31 04:14:52.866260,0.0,8,4271.036521,0.0,1,0xcaf00370,0,0,7,8191,8191,2,0,0,0,1,0,31,7,3,0,15,254,15
366977,2025-01-31 04:14:52.916452,50.192,8,4271.086712,50.191,7,0xcaf00370,0,0,7,8191,8191,3,0,0,0,1,0,31,7,3,0,15,254,15
366978,2025-01-31 04:14:52.916477,0.025,8,4271.086737,0.025,1,0xcaf00370,0,0,7,8191,8191,3,0,0,0,1,0,31,7,3,0,15,254,15
368688,2025-01-31 04:14:52.966405,49.928,8,4271.136665,49.928,7,0xcaf00370,0,0,7,8191,8191,0,0,0,0,1,0,31,7,3,0,15,254,15
368690,2025-01-31 04:14:52.966433,0.028,8,4271.136693,0.028,1,0xcaf00370,0,0,7,8191,8191,0,0,0,0,1,0,31,7,3,0,15,254,15
370317,2025-01-31 04:14:53.016435,50.001999999999995,8,4271.186695,50.002,7,0xcaf00370,0,0,7,8191,8191,1,0,0,0,1,0,31,7,3,0,15,254,15
370318,2025-01-31 04:14:53.016465,0.030000000000000002,8,4271.186725,0.03,1,0xcaf00370,0,0,7,8191,8191,1,0,0,0,1,0,31,7,3,0,15,254,15
372356,2025-01-31 04:14:53.077008,60.543,8,4271.247268,60.543,7,0xcaf00370,0,0,7,8191,8191,2,0,0,0,1,0,31,7,3,0,15,254,15
372357,2025-01-31 04:14:53.077119,0.111,8,4271.247379,0.111,1,0xcaf00370,0,0,7,8191,8191,2,0,0,0,1,0,31,7,3,0,15,254,15
373901,2025-01-31 04:14:53.126489,49.37,8,4271.296749,49.37,7,0xcaf00370,0,0,7,8191,8191,3,0,0,0,1,0,31,7,3,0,15,254,15
373902,2025-01-31 04:14:53.126526,0.037,8,4271.296786,0.037,1,0xcaf00370,0,0,7,8191,8191,3,0,0,0,1,0,31,7,3,0,15,254,15
375624,2025-01-31 04:14:53.177006,50.48,8,4271.347266,50.48,7,0xcaf00370,0,0,7,8191,8191,0,0,0,0,1,0,31,7,3,0,15,254,15
375625,2025-01-31 04:14:53.177112,0.106,8,4271.347372,0.106,1,0xcaf00370,0,0,7,8191,8191,0,0,0,0,1,0,31,7,3,0,15,254,15
377165,2025-01-31 04:14:53.226436,49.324,8,4271.396696,49.324,7,0xcaf00370,0,0,7,8191,8191,1,0,0,0,1,0,31,7,3,0,15,254,15
377166,2025-01-31 04:14:53.226480,0.044,8,4271.39674,0.044,1,0xcaf00370,0,0,7,8191,8191,1,0,0,0,1,0,31,7,3,0,15,254,15
379168,2025-01-31 04:14:53.286487,60.007,8,4271.456747,60.007,7,0xcaf00370,0,0,7,8191,8191,2,0,0,0,1,0,31,7,3,0,15,254,15
379169,2025-01-31 04:14:53.286536,0.049,8,4271.456796,0.049,1,0xcaf00370,0,0,7,8191,8191,2,0,0,0,1,0,31,7,3,0,15,254,15
380716,2025-01-31 04:14:53.336474,49.938,8,4271.506735,49.939,7,0xcaf00370,0,0,7,8191,8191,3,0,0,0,1,0,31,7,3,0,15,254,15
380718,2025-01-31 04:14:53.336525,0.051,8,4271.506786,0.051,1,0xcaf00370,0,0,7,8191,8191,3,0,0,0,1,0,31,7,3,0,15,254,15
382696,2025-01-31 04:14:53.396696,60.171,8,4271.566956,60.17,7,0xcaf00370,0,0,7,8191,8191,0,0,0,0,1,0,31,7,3,0,15,254,15
382697,2025-01-31 04:14:53.396752,0.056,8,4271.567012,0.056,1,0xcaf00370,0,0,7,8191,8191,0,0,0,0,1,0,31,7,3,0,15,254,15
384294,2025-01-31 04:14:53.446436,49.684,8,4271.616697,49.685,7,0xcaf00370,0,0,7,8191,8191,1,0,0,0,1,0,31,7,3,0,15,254,15
384295,2025-01-31 04:14:53.446494,0.058,8,4271.616754,0.057,1,0xcaf00370,0,0,7,8191,8191,1,0,0,0,1,0,31,7,3,0,15,254,15
386278,2025-01-31 04:14:53.506904,60.41,8,4271.677164,60.41,7,0xcaf00370,0,0,7,8191,8191,2,0,0,0,1,0,31,7,3,0,15,254,15
386279,2025-01-31 04:14:53.506964,0.060000000000000005,8,4271.677224,0.06,1,0xcaf00370,0,0,7,8191,8191,2,0,0,0,1,0,31,7,3,0,15,254,15
387870,2025-01-31 04:14:53.556480,49.516,8,4271.72674,49.516,7,0xcaf00370,0,0,7,8191,8191,3,0,0,0,1,0,31,7,3,0,15,254,15
387872,2025-01-31 04:14:53.556536,0.056,8,4271.726797,0.057,1,0xcaf00370,0,0,7,8191,8191,3,0,0,0,1,0,31,7,3,0,15,254,15
389580,2025-01-31 04:14:53.607195,50.659000000000006,8,4271.777455,50.658,7,0xcaf00370,0,0,7,8191,8191,0,0,0,0,1,0,31,7,3,0,15,254,15
389582,2025-01-31 04:14:53.607249,0.054,8,4271.777509,0.054,1,0xcaf00370,0,0,7,8191,8191,0,0,0,0,1,0,31,7,3,0,15,254,15
391136,2025-01-31 04:14:53.656760,49.511,8,4271.82702,49.511,7,0xcaf00370,0,0,7,8191,8191,1,0,0,0,1,0,31,7,3,0,15,254,15
391137,2025-01-31 04:14:53.656811,0.051,8,4271.827072,0.052,1,0xcaf00370,0,0,7,8191,8191,1,0,0,0,1,0,31,7,3,0,15,254,15
393444,2025-01-31 04:14:53.726501,69.69,8,4271.896761,69.689,7,0xcaf00370,0,0,7,8191,8191,2,0,0,0,1,0,31,7,3,0,15,254,15
393445,2025-01-31 04:14:53.726546,0.045000000000000005,8,4271.896806,0.045,1,0xcaf00370,0,0,7,8191,8191,2,0,0,0,1,0,31,7,3,0,15,254,15
395131,2025-01-31 04:14:53.776646,50.1,8,4271.946906,50.1,7,0xcaf00370,0,0,7,8191,8191,3,0,0,0,1,0,31,7,3,0,15,254,15
395132,2025-01-31 04:14:53.776690,0.044,8,4271.94695,0.044,1,0xcaf00370,0,0,7,8191,8191,3,0,0,0,1,0,31,7,3,0,15,254,15
396972,2025-01-31 04:14:53.836568,59.878,8,4272.006828,59.878,7,0xcaf00370,0,0,7,8191,8191,0,0,0,0,1,0,31,7,3,0,15,254,15
396973,2025-01-31 04:14:53.836603,0.034999999999999996,8,4272.006863,0.035,1,0xcaf00370,0,0,7,8191,8191,0,0,0,0,1,0,31,7,3,0,15,254,15
398663,2025-01-31 04:14:53.886482,49.879,8,4272.056742,49.879,7,0xcaf00370,0,0,7,8191,8191,1,0,0,0,1,0,31,7,3,0,15,254,15
398664,2025-01-31 04:14:53.886508,0.026,8,4272.056768,0.026,1,0xcaf00370,0,0,7,8191,8191,1,0,0,0,1,0,31,7,3,0,15,254,15
400595,2025-01-31 04:14:53.946525,60.017,8,4272.116785,60.017,7,0xcaf00370,0,0,7,8191,8191,2,0,0,0,1,0,31,7,3,0,15,254,15
400596,2025-01-31 04:14:53.946539,0.014,8,4272.116799,0.014,1,0xcaf00370,0,0,7,8191,8191,2,0,0,0,1,0,31,7,3,0,15,254,15
402330,2025-01-31 04:14:53.996517,49.978,8,4272.166777,49.978,7,0xcaf00370,0,0,7,8191,8191,3,0,0,0,1,0,31,7,3,0,15,254,15
402331,2025-01-31 04:14:53.996607,0.09000000000000001,8,4272.166867,0.09,1,0xcaf00370,0,0,7,8191,8191,3,0,0,0,1,0,31,7,3,0,15,254,15
403980,2025-01-31 04:14:54.046815,50.208000000000006,8,4272.217075,50.208,1,0xcaf00370,0,0,7,8191,8191,0,0,0,0,1,0,31,7,3,0,15,254,15
403981,2025-01-31 04:14:54.046821,0.006,8,4272.217081,0.006,7,0xcaf00370,0,0,7,8191,8191,0,0,0,0,1,0,31,7,3,0,15,254,15
405711,2025-01-31 04:14:54.096505,49.684,8,4272.266765,49.684,1,0xcaf00370,0,0,7,8191,8191,1,0,0,0,1,0,31,7,3,0,15,254,15
405712,2025-01-31 04:14:54.096519,0.014,8,4272.266779,0.014,7,0xcaf00370,0,0,7,8191,8191,1,0,0,0,1,0,31,7,3,0,15,254,15
407572,2025-01-31 04:14:54.156526,60.007,8,4272.326787,60.008,1,0xcaf00370,0,0,7,8191,8191,2,0,0,0,1,0,31,7,3,0,15,254,15
407573,2025-01-31 04:14:54.156552,0.026,8,4272.326813,0.026,7,0xcaf00370,0,0,7,8191,8191,2,0,0,0,1,0,31,7,3,0,15,254,15
409294,2025-01-31 04:14:54.206923,50.371,8,4272.377184,50.371,1,0xcaf00370,0,0,7,8191,8191,3,0,0,0,1,0,31,7,3,0,15,254,15
409295,2025-01-31 04:14:54.206960,0.037,8,4272.37722,0.036,7,0xcaf00370,0,0,7,8191,8191,3,0,0,0,1,0,31,7,3,0,15,254,15
411629,2025-01-31 04:14:54.277008,70.048,8,4272.447268,70.048,1,0xcaf00370,0,0,7,8191,8191,0,0,0,0,1,0,31,7,3,0,15,254,15
411630,2025-01-31 04:14:54.277057,0.049,8,4272.447317,0.049,7,0xcaf00370,0,0,7,8191,8191,0,0,0,0,1,0,31,7,3,0,15,254,15
413177,2025-01-31 04:14:54.326475,49.418,8,4272.496735,49.418,1,0xcaf00370,0,0,7,8191,8191,1,0,0,0,1,0,31,7,3,0,15,254,15
413178,2025-01-31 04:14:54.326534,0.059,8,4272.496794,0.059,7,0xcaf00370,0,0,7,8191,8191,1,0,0,0,1,0,31,7,3,0,15,254,15
415160,2025-01-31 04:14:54.386551,60.017,8,4272.556811,60.017,1,0xcaf00370,0,0,7,8191,8191,2,0,0,0,1,0,31,7,3,0,15,254,15
415161,2025-01-31 04:14:54.386621,0.06999999999999999,8,4272.556882,0.071,7,0xcaf00370,0,0,7,8191,8191,2,0,0,0,1,0,31,7,3,0,15,254,15
416779,2025-01-31 04:14:54.437002,50.381,8,4272.607262,50.38,1,0xcaf00370,0,0,7,8191,8191,3,0,0,0,1,0,31,7,3,0,15,254,15
416784,2025-01-31 04:14:54.437083,0.081,8,4272.607343,0.081,7,0xcaf00370,0,0,7,8191,8191,3,0,0,0,1,0,31,7,3,0,15,254,15
418794,2025-01-31 04:14:54.496512,59.429,8,4272.666773,59.43,1,0xcaf00370,0,0,7,8191,8191,0,0,0,0,1,0,31,7,3,0,15,254,15
418795,2025-01-31 04:14:54.496603,0.091,8,4272.666863,0.09,7,0xcaf00370,0,0,7,8191,8191,0,0,0,0,1,0,31,7,3,0,15,254,15
420344,2025-01-31 04:14:54.546456,49.853,8,4272.716716,49.853,1,0xcaf00370,0,0,7,8191,8191,1,0,0,0,1,0,31,7,3,0,15,254,15
420345,2025-01-31 04:14:54.546550,0.094,8,4272.71681,0.094,7,0xcaf00370,0,0,7,8191,8191,1,0,0,0,1,0,31,7,3,0,15,254,15
422687,2025-01-31 04:14:54.616763,70.213,8,4272.787023,70.213,1,0xcaf00370,0,0,7,8191,8191,2,0,0,0,1,0,31,7,3,0,15,254,15
422688,2025-01-31 04:14:54.616863,0.1,8,4272.787123,0.1,7,0xcaf00370,0,0,7,8191,8191,2,0,0,0,1,0,31,7,3,0,15,254,15
424283,2025-01-31 04:14:54.666521,49.658,8,4272.836782,49.659,1,0xcaf00370,0,0,7,8191,8191,3,0,0,0,1,0,31,7,3,0,15,254,15
424285,2025-01-31 04:14:54.666624,0.103,8,4272.836884,0.102,7,0xcaf00370,0,0,7,8191,8191,3,0,0,0,1,0,31,7,3,0,15,254,15
425957,2025-01-31 04:14:54.716775,50.151,8,4272.887035,50.151,1,0xcaf00370,0,0,7,8191,8191,0,0,0,0,1,0,31,7,3,0,15,254,15
425958,2025-01-31 04:14:54.716883,0.108,8,4272.887143,0.108,7,0xcaf00370,0,0,7,8191,8191,0,0,0,0,1,0,31,7,3,0,15,254,15
427580,2025-01-31 04:14:54.766594,49.711,8,4272.936854,49.711,1,0xcaf00370,0,0,7,8191,8191,1,0,0,0,1,0,31,7,3,0,15,254,15
427581,2025-01-31 04:14:54.766707,0.11299999999999999,8,4272.936967,0.113,7,0xcaf00370,0,0,7,8191,8191,1,0,0,0,1,0,31,7,3,0,15,254,15
429929,2025-01-31 04:14:54.838880,72.173,8,4273.00914,72.173,1,0xcaf00370,0,0,7,8191,8191,2,0,0,0,1,0,31,7,3,0,15,254,15
429937,2025-01-31 04:14:54.839037,0.157,8,4273.009297,0.157,7,0xcaf00370,0,0,7,8191,8191,2,0,0,0,1,0,31,7,3,0,15,254,15
431537,2025-01-31 04:14:54.886512,47.475,8,4273.056773,47.476,1,0xcaf00370,0,0,7,8191,8191,3,0,0,0,1,0,31,7,3,0,15,254,15
431538,2025-01-31 04:14:54.886571,0.059,8,4273.056831,0.058,7,0xcaf00370,0,0,7,8191,8191,3,0,0,0,1,0,31,7,3,0,15,254,15
433432,2025-01-31 04:14:54.946507,59.936,8,4273.116768,59.937,1,0xcaf00370,0,0,7,8191,8191,0,0,0,0,1,0,31,7,3,0,15,254,15
433434,2025-01-31 04:14:54.946612,0.10500000000000001,8,4273.116872,0.104,7,0xcaf00370,0,0,7,8191,8191,0,0,0,0,1,0,31,7,3,0,15,254,15
435145,2025-01-31 04:14:54.996464,49.852000000000004,8,4273.166725,49.853,1,0xcaf00370,0,0,7,8191,8191,1,0,0,0,1,0,31,7,3,0,15,254,15
435149,2025-01-31 04:14:54.996565,0.101,8,4273.166825,0.1,7,0xcaf00370,0,0,7,8191,8191,1,0,0,0,1,0,31,7,3,0,15,254,15
437079,2025-01-31 04:14:55.056501,59.936,8,4273.226761,59.936,1,0xcaf00370,0,0,7,8191,8191,2,0,0,0,1,0,31,7,3,0,15,254,15
437081,2025-01-31 04:14:55.056599,0.098,8,4273.226859,0.098,7,0xcaf00370,0,0,7,8191,8191,2,0,0,0,1,0,31,7,3,0,15,254,15
438767,2025-01-31 04:14:55.106903,50.304,8,4273.277163,50.304,1,0xcaf00370,0,0,7,8191,8191,3,0,0,0,1,0,31,7,3,0,15,254,15
438771,2025-01-31 04:14:55.106997,0.094,8,4273.277257,0.094,7,0xcaf00370,0,0,7,8191,8191,3,0,0,0,1,0,31,7,3,0,15,254,15
440716,2025-01-31 04:14:55.166660,59.663000000000004,8,4273.33692,59.663,1,0xcaf00370,0,0,7,8191,8191,0,0,0,0,1,0,31,7,3,0,15,254,15
440719,2025-01-31 04:14:55.166740,0.08,8,4273.337,0.08,7,0xcaf00370,0,0,7,8191,8191,0,0,0,0,1,0,31,7,3,0,15,254,15
442367,2025-01-31 04:14:55.216584,49.844,8,4273.386844,49.844,7,0xcaf00370,0,0,7,8191,8191,1,0,0,0,1,0,31,7,3,0,15,254,15
442368,2025-01-31 04:14:55.216585,0.001,8,4273.386845,0.001,1,0xcaf00370,0,0,7,8191,8191,1,0,0,0,1,0,31,7,3,0,15,254,15
443959,2025-01-31 04:14:55.266891,50.306,8,4273.437152,50.307,1,0xcaf00370,0,0,7,8191,8191,2,0,0,0,1,0,31,7,3,0,15,254,15
443960,2025-01-31 04:14:55.266922,0.031,8,4273.437182,0.03,7,0xcaf00370,0,0,7,8191,8191,2,0,0,0,1,0,31,7,3,0,15,254,15
445557,2025-01-31 04:14:55.316867,49.945,8,4273.487127,49.945,1,0xcaf00370,0,0,7,8191,8191,3,0,0,0,1,0,31,7,3,0,15,254,15
445558,2025-01-31 04:14:55.316878,0.011,8,4273.487139,0.012,7,0xcaf00370,0,0,7,8191,8191,3,0,0,0,1,0,31,7,3,0,15,254,15
447846,2025-01-31 04:14:55.386592,69.714,8,4273.556852,69.713,7,0xcaf00370,0,0,7,8191,8191,0,0,0,0,1,0,31,7,3,0,15,254,15
447851,2025-01-31 04:14:55.386760,0.16799999999999998,8,4273.55702,0.168,1,0xcaf00370,0,0,7,8191,8191,0,0,0,0,1,0,31,7,3,0,15,254,15
449441,2025-01-31 04:14:55.437659,50.899,8,4273.607919,50.899,7,0xcaf00370,0,0,7,8191,8191,1,0,0,0,1,0,31,7,3,0,15,254,15
449450,2025-01-31 04:14:55.437882,0.223,8,4273.608142,0.223,1,0xcaf00370,0,0,7,8191,8191,1,0,0,0,1,0,31,7,3,0,15,254,15
451451,2025-01-31 04:14:55.496648,58.766,8,4273.666908,58.766,7,0xcaf00370,0,0,7,8191,8191,2,0,0,0,1,0,31,7,3,0,15,254,15
451459,2025-01-31 04:14:55.496925,0.277,8,4273.667186,0.278,1,0xcaf00370,0,0,7,8191,8191,2,0,0,0,1,0,31,7,3,0,15,254,15
453002,2025-01-31 04:14:55.546504,49.579,8,4273.716764,49.578,1,0xcaf00370,0,0,7,8191,8191,3,0,0,0,1,0,31,7,3,0,15,254,15
453004,2025-01-31 04:14:55.546607,0.103,8,4273.716868,0.104,7,0xcaf00370,0,0,7,8191,8191,3,0,0,0,1,0,31,7,3,0,15,254,15
455055,2025-01-31 04:14:55.607029,60.422,8,4273.77729,60.422,7,0xcaf00370,0,0,7,8191,8191,0,0,0,0,1,0,31,7,3,0,15,254,15
455056,2025-01-31 04:14:55.607096,0.067,8,4273.777356,0.066,1,0xcaf00370,0,0,7,8191,8191,0,0,0,0,1,0,31,7,3,0,15,254,15
456597,2025-01-31 04:14:55.656521,49.425,8,4273.826781,49.425,1,0xcaf00370,0,0,7,8191,8191,1,0,0,0,1,0,31,7,3,0,15,254,15
456606,2025-01-31 04:14:55.656743,0.222,8,4273.827003,0.222,7,0xcaf00370,0,0,7,8191,8191,1,0,0,0,1,0,31,7,3,0,15,254,15
458583,2025-01-31 04:14:55.716542,59.799,8,4273.886802,59.799,1,0xcaf00370,0,0,7,8191,8191,2,0,0,0,1,0,31,7,3,0,15,254,15
458592,2025-01-31 04:14:55.716793,0.251,8,4273.887053,0.251,7,0xcaf00370,0,0,7,8191,8191,2,0,0,0,1,0,31,7,3,0,15,254,15
460214,2025-01-31 04:14:55.766624,49.831,8,4273.936885,49.832,1,0xcaf00370,0,0,7,8191,8191,3,0,0,0,1,0,31,7,3,0,15,254,15
460226,2025-01-31 04:14:55.767013,0.389,8,4273.937273,0.388,7,0xcaf00370,0,0,7,8191,8191,3,0,0,0,1,0,31,7,3,0,15,254,15
462429,2025-01-31 04:14:55.837336,70.323,8,4274.007596,70.323,7,0xcaf00370,0,0,7,8191,8191,0,0,0,0,1,0,31,7,3,0,15,254,15
462456,2025-01-31 04:14:55.837985,0.6489999999999999,8,4274.008245,0.649,1,0xcaf00370,0,0,7,8191,8191,0,0,0,0,1,0,31,7,3,0,15,254,15
464093,2025-01-31 04:14:55.887156,49.171,8,4274.057417,49.172,1,0xcaf00370,0,0,7,8191,8191,1,0,0,0,1,0,31,7,3,0,15,254,15
464094,2025-01-31 04:14:55.887182,0.026,8,4274.057442,0.025,7,0xcaf00370,0,0,7,8191,8191,1,0,0,0,1,0,31,7,3,0,15,254,15
465684,2025-01-31 04:14:55.936851,49.669,8,4274.107111,49.669,7,0xcaf00370,0,0,7,8191,8191,2,0,0,0,1,0,31,7,3,0,15,254,15
465685,2025-01-31 04:14:55.936871,0.02,8,4274.107131,0.02,1,0xcaf00370,0,0,7,8191,8191,2,0,0,0,1,0,31,7,3,0,15,254,15
467399,2025-01-31 04:14:55.986706,49.835,8,4274.156966,49.835,1,0xcaf00370,0,0,7,8191,8191,3,0,0,0,1,0,31,7,3,0,15,254,15
467402,2025-01-31 04:14:55.986799,0.093,8,4274.157059,0.093,7,0xcaf00370,0,0,7,8191,8191,3,0,0,0,1,0,31,7,3,0,15,254,15
469324,2025-01-31 04:14:56.046718,59.919,8,4274.216978,59.919,1,0xcaf00370,0,0,7,8191,8191,0,0,0,0,1,0,31,7,3,0,15,254,15
469326,2025-01-31 04:14:56.046815,0.097,8,4274.217075,0.097,7,0xcaf00370,0,0,7,8191,8191,0,0,0,0,1,0,31,7,3,0,15,254,15
471026,2025-01-31 04:14:56.096480,49.665,8,4274.266741,49.666,1,0xcaf00370,0,0,7,8191,8191,1,0,0,0,1,0,31,7,3,0,15,254,15
471030,2025-01-31 04:14:56.096587,0.107,8,4274.266847,0.106,7,0xcaf00370,0,0,7,8191,8191,1,0,0,0,1,0,31,7,3,0,15,254,15
472891,2025-01-31 04:14:56.156508,59.921,8,4274.326768,59.921,1,0xcaf00370,0,0,7,8191,8191,2,0,0,0,1,0,31,7,3,0,15,254,15
472894,2025-01-31 04:14:56.156626,0.118,8,4274.326886,0.118,7,0xcaf00370,0,0,7,8191,8191,2,0,0,0,1,0,31,7,3,0,15,254,15
474610,2025-01-31 04:14:56.206877,50.251,8,4274.377137,50.251,1,0xcaf00370,0,0,7,8191,8191,3,0,0,0,1,0,31,7,3,0,15,254,15
474617,2025-01-31 04:14:56.207033,0.156,8,4274.377294,0.157,7,0xcaf00370,0,0,7,8191,8191,3,0,0,0,1,0,31,7,3,0,15,254,15
476852,2025-01-31 04:14:56.276954,69.92099999999999,8,4274.447214,69.92,1,0xcaf00370,0,0,7,8191,8191,0,0,0,0,1,0,31,7,3,0,15,254,15
476855,2025-01-31 04:14:56.277095,0.14100000000000001,8,4274.447355,0.141,7,0xcaf00370,0,0,7,8191,8191,0,0,0,0,1,0,31,7,3,0,15,254,15
478425,2025-01-31 04:14:56.326417,49.321999999999996,8,4274.496677,49.322,1,0xcaf00370,0,0,7,8191,8191,1,0,0,0,1,0,31,7,3,0,15,254,15
478427,2025-01-31 04:14:56.326566,0.149,8,4274.496826,0.149,7,0xcaf00370,0,0,7,8191,8191,1,0,0,0,1,0,31,7,3,0,15,254,15
480377,2025-01-31 04:14:56.386467,59.901,8,4274.556727,59.901,1,0xcaf00370,0,0,7,8191,8191,2,0,0,0,1,0,31,7,3,0,15,254,15
480380,2025-01-31 04:14:56.386629,0.162,8,4274.556889,0.162,7,0xcaf00370,0,0,7,8191,8191,2,0,0,0,1,0,31,7,3,0,15,254,15
481942,2025-01-31 04:14:56.436490,49.861000000000004,8,4274.60675,49.861,1,0xcaf00370,0,0,7,8191,8191,3,0,0,0,1,0,31,7,3,0,15,254,15
481945,2025-01-31 04:14:56.436662,0.17200000000000001,8,4274.606922,0.172,7,0xcaf00370,0,0,7,8191,8191,3,0,0,0,1,0,31,7,3,0,15,254,15
484016,2025-01-31 04:14:56.497147,60.485,8,4274.667407,60.485,1,0xcaf00370,0,0,7,8191,8191,0,0,0,0,1,0,31,7,3,0,15,254,15
484023,2025-01-31 04:14:56.497326,0.179,8,4274.667586,0.179,7,0xcaf00370,0,0,7,8191,8191,0,0,0,0,1,0,31,7,3,0,15,254,15
485554,2025-01-31 04:14:56.546381,49.055,8,4274.716641,49.055,1,0xcaf00370,0,0,7,8191,8191,1,0,0,0,1,0,31,7,3,0,15,254,15
485555,2025-01-31 04:14:56.546568,0.187,8,4274.716828,0.187,7,0xcaf00370,0,0,7,8191,8191,1,0,0,0,1,0,31,7,3,0,15,254,15
487312,2025-01-31 04:14:56.597847,51.278999999999996,8,4274.768107,51.279,1,0xcaf00370,0,0,7,8191,8191,2,0,0,0,1,0,31,7,3,0,15,254,15
487332,2025-01-31 04:14:56.598250,0.40299999999999997,8,4274.76851,0.403,7,0xcaf00370,0,0,7,8191,8191,2,0,0,0,1,0,31,7,3,0,15,254,15
488826,2025-01-31 04:14:56.646686,48.436,8,4274.816946,48.436,1,0xcaf00370,0,0,7,8191,8191,3,0,0,0,1,0,31,7,3,0,15,254,15
488830,2025-01-31 04:14:56.646883,0.19699999999999998,8,4274.817143,0.197,7,0xcaf00370,0,0,7,8191,8191,3,0,0,0,1,0,31,7,3,0,15,254,15
491171,2025-01-31 04:14:56.717099,70.216,8,4274.887359,70.216,1,0xcaf00370,0,0,7,8191,8191,0,0,0,0,1,0,31,7,3,0,15,254,15
491174,2025-01-31 04:14:56.717304,0.205,8,4274.887564,0.205,7,0xcaf00370,0,0,7,8191,8191,0,0,0,0,1,0,31,7,3,0,15,254,15
492791,2025-01-31 04:14:56.766341,49.037,8,4274.936602,49.038,1,0xcaf00370,0,0,7,8191,8191,1,0,0,0,1,0,31,7,3,0,15,254,15
492792,2025-01-31 04:14:56.766552,0.211,8,4274.936812,0.21,7,0xcaf00370,0,0,7,8191,8191,1,0,0,0,1,0,31,7,3,0,15,254,15
494402,2025-01-31 04:14:56.816653,50.101,8,4274.986914,50.102,1,0xcaf00370,0,0,7,8191,8191,2,0,0,0,1,0,31,7,3,0,15,254,15
494404,2025-01-31 04:14:56.816870,0.217,8,4274.98713,0.216,7,0xcaf00370,0,0,7,8191,8191,2,0,0,0,1,0,31,7,3,0,15,254,15
495974,2025-01-31 04:14:56.866368,49.498,8,4275.036628,49.498,1,0xcaf00370,0,0,7,8191,8191,3,0,0,0,1,0,31,7,3,0,15,254,15
495975,2025-01-31 04:14:56.866581,0.213,8,4275.036841,0.213,7,0xcaf00370,0,0,7,8191,8191,3,0,0,0,1,0,31,7,3,0,15,254,15
498268,2025-01-31 04:14:56.937009,70.42800000000001,8,4275.107269,70.428,1,0xcaf00370,0,0,7,8191,8191,0,0,0,0,1,0,31,7,3,0,15,254,15
498274,2025-01-31 04:14:56.937219,0.21000000000000002,8,4275.10748,0.211,7,0xcaf00370,0,0,7,8191,8191,0,0,0,0,1,0,31,7,3,0,15,254,15
499978,2025-01-31 04:14:56.986871,49.652,8,4275.157131,49.651,1,0xcaf00370,0,0,7,8191,8191,1,0,0,0,1,0,31,7,3,0,15,254,15
499980,2025-01-31 04:14:56.987081,0.21000000000000002,8,4275.157341,0.21,7,0xcaf00370,0,0,7,8191,8191,1,0,0,0,1,0,31,7,3,0,15,254,15
501967,2025-01-31 04:14:57.046645,59.564,8,4275.216905,59.564,1,0xcaf00370,0,0,7,8191,8191,2,0,0,0,1,0,31,7,3,0,15,254,15
501968,2025-01-31 04:14:57.046854,0.20900000000000002,8,4275.217115,0.21,7,0xcaf00370,0,0,7,8191,8191,2,0,0,0,1,0,31,7,3,0,15,254,15
503677,2025-01-31 04:14:57.096371,49.516999999999996,8,4275.266631,49.516,1,0xcaf00370,0,0,7,8191,8191,3,0,0,0,1,0,31,7,3,0,15,254,15
503683,2025-01-31 04:14:57.096593,0.222,8,4275.266853,0.222,7,0xcaf00370,0,0,7,8191,8191,3,0,0,0,1,0,31,7,3,0,15,254,15
505580,2025-01-31 04:14:57.156383,59.790000000000006,8,4275.326643,59.79,1,0xcaf00370,0,0,7,8191,8191,0,0,0,0,1,0,31,7,3,0,15,254,15
505581,2025-01-31 04:14:57.156590,0.207,8,4275.32685,0.207,7,0xcaf00370,0,0,7,8191,8191,0,0,0,0,1,0,31,7,3,0,15,254,15
507293,2025-01-31 04:14:57.206755,50.165,8,4275.377015,50.165,1,0xcaf00370,0,0,7,8191,8191,1,0,0,0,1,0,31,7,3,0,15,254,15
507294,2025-01-31 04:14:57.206959,0.204,8,4275.377219,0.204,7,0xcaf00370,0,0,7,8191,8191,1,0,0,0,1,0,31,7,3,0,15,254,15
509193,2025-01-31 04:14:57.266361,59.402,8,4275.436621,59.402,1,0xcaf00370,0,0,7,8191,8191,2,0,0,0,1,0,31,7,3,0,15,254,15
509196,2025-01-31 04:14:57.266565,0.204,8,4275.436825,0.204,7,0xcaf00370,0,0,7,8191,8191,2,0,0,0,1,0,31,7,3,0,15,254,15
510804,2025-01-31 04:14:57.316517,49.952000000000005,8,4275.486777,49.952,1,0xcaf00370,0,0,7,8191,8191,3,0,0,0,1,0,31,7,3,0,15,254,15
510806,2025-01-31 04:14:57.316719,0.202,8,4275.486979,0.202,7,0xcaf00370,0,0,7,8191,8191,3,0,0,0,1,0,31,7,3,0,15,254,15
512771,2025-01-31 04:14:57.376538,59.818999999999996,8,4275.546798,59.819,1,0xcaf00370,0,0,7,8191,8191,0,0,0,0,1,0,31,7,3,0,15,254,15
512774,2025-01-31 04:14:57.376740,0.202,8,4275.547,0.202,7,0xcaf00370,0,0,7,8191,8191,0,0,0,0,1,0,31,7,3,0,15,254,15
514332,2025-01-31 04:14:57.426337,49.597,8,4275.596597,49.597,1,0xcaf00370,0,0,7,8191,8191,1,0,0,0,1,0,31,7,3,0,15,254,15
514333,2025-01-31 04:14:57.426536,0.199,8,4275.596796,0.199,7,0xcaf00370,0,0,7,8191,8191,1,0,0,0,1,0,31,7,3,0,15,254,15
516361,2025-01-31 04:14:57.486583,60.047000000000004,8,4275.656843,60.047,1,0xcaf00370,0,0,7,8191,8191,2,0,0,0,1,0,31,7,3,0,15,254,15
516363,2025-01-31 04:14:57.486778,0.195,8,4275.657038,0.195,7,0xcaf00370,0,0,7,8191,8191,2,0,0,0,1,0,31,7,3,0,15,254,15
517933,2025-01-31 04:14:57.537183,50.405,8,4275.707443,50.405,1,0xcaf00370,0,0,7,8191,8191,3,0,0,0,1,0,31,7,3,0,15,254,15
517935,2025-01-31 04:14:57.537376,0.193,8,4275.707636,0.193,7,0xcaf00370,0,0,7,8191,8191,3,0,0,0,1,0,31,7,3,0,15,254,15
519924,2025-01-31 04:14:57.596643,59.267,8,4275.766903,59.267,1,0xcaf00370,0,0,7,8191,8191,0,0,0,0,1,0,31,7,3,0,15,254,15
519925,2025-01-31 04:14:57.596830,0.187,8,4275.767091,0.188,7,0xcaf00370,0,0,7,8191,8191,0,0,0,0,1,0,31,7,3,0,15,254,15
521507,2025-01-31 04:14:57.646331,49.501000000000005,8,4275.816592,49.501,1,0xcaf00370,0,0,7,8191,8191,1,0,0,0,1,0,31,7,3,0,15,254,15
521508,2025-01-31 04:14:57.646518,0.187,8,4275.816778,0.186,7,0xcaf00370,0,0,7,8191,8191,1,0,0,0,1,0,31,7,3,0,15,254,15
523834,2025-01-31 04:14:57.716713,70.195,8,4275.886973,70.195,1,0xcaf00370,0,0,7,8191,8191,2,0,0,0,1,0,31,7,3,0,15,254,15
523837,2025-01-31 04:14:57.716893,0.18000000000000002,8,4275.887153,0.18,7,0xcaf00370,0,0,7,8191,8191,2,0,0,0,1,0,31,7,3,0,15,254,15
525486,2025-01-31 04:14:57.766535,49.641999999999996,8,4275.936795,49.642,1,0xcaf00370,0,0,7,8191,8191,3,0,0,0,1,0,31,7,3,0,15,254,15
525487,2025-01-31 04:14:57.766713,0.178,8,4275.936974,0.179,7,0xcaf00370,0,0,7,8191,8191,3,0,0,0,1,0,31,7,3,0,15,254,15
527372,2025-01-31 04:14:57.826349,59.636,8,4275.99661,59.636,1,0xcaf00370,0,0,7,8191,8191,0,0,0,0,1,0,31,7,3,0,15,254,15
527375,2025-01-31 04:14:57.826519,0.17,8,4275.996779,0.169,7,0xcaf00370,0,0,7,8191,8191,0,0,0,0,1,0,31,7,3,0,15,254,15
529092,2025-01-31 04:14:57.876951,50.431999999999995,8,4276.047211,50.432,1,0xcaf00370,0,0,7,8191,8191,1,0,0,0,1,0,31,7,3,0,15,254,15
529094,2025-01-31 04:14:57.877112,0.161,8,4276.047372,0.161,7,0xcaf00370,0,0,7,8191,8191,1,0,0,0,1,0,31,7,3,0,15,254,15
530993,2025-01-31 04:14:57.936857,59.745,8,4276.107117,59.745,1,0xcaf00370,0,0,7,8191,8191,2,0,0,0,1,0,31,7,3,0,15,254,15
530994,2025-01-31 04:14:57.937008,0.15100000000000002,8,4276.107268,0.151,7,0xcaf00370,0,0,7,8191,8191,2,0,0,0,1,0,31,7,3,0,15,254,15
532724,2025-01-31 04:14:57.986871,49.863,8,4276.157131,49.863,1,0xcaf00370,0,0,7,8191,8191,3,0,0,0,1,0,31,7,3,0,15,254,15
532725,2025-01-31 04:14:57.987009,0.13799999999999998,8,4276.15727,0.139,7,0xcaf00370,0,0,7,8191,8191,3,0,0,0,1,0,31,7,3,0,15,254,15
534979,2025-01-31 04:14:58.056367,69.358,8,4276.226627,69.357,1,0xcaf00370,0,0,7,8191,8191,0,0,0,0,1,0,31,7,3,0,15,254,15
534981,2025-01-31 04:14:58.056495,0.128,8,4276.226755,0.128,7,0xcaf00370,0,0,7,8191,8191,0,0,0,0,1,0,31,7,3,0,15,254,15
536631,2025-01-31 04:14:58.106771,50.276,8,4276.277032,50.277,1,0xcaf00370,0,0,7,8191,8191,1,0,0,0,1,0,31,7,3,0,15,254,15
536634,2025-01-31 04:14:58.106890,0.11900000000000001,8,4276.27715,0.118,7,0xcaf00370,0,0,7,8191,8191,1,0,0,0,1,0,31,7,3,0,15,254,15
538237,2025-01-31 04:14:58.156645,49.755,8,4276.326906,49.756,1,0xcaf00370,0,0,7,8191,8191,2,0,0,0,1,0,31,7,3,0,15,254,15
538239,2025-01-31 04:14:58.156756,0.111,8,4276.327016,0.11,7,0xcaf00370,0,0,7,8191,8191,2,0,0,0,1,0,31,7,3,0,15,254,15
539917,2025-01-31 04:14:58.206778,50.022,8,4276.377038,50.022,1,0xcaf00370,0,0,7,8191,8191,3,0,0,0,1,0,31,7,3,0,15,254,15
539919,2025-01-31 04:14:58.206879,0.101,8,4276.377139,0.101,7,0xcaf00370,0,0,7,8191,8191,3,0,0,0,1,0,31,7,3,0,15,254,15
541881,2025-01-31 04:14:58.266444,59.565,8,4276.436704,59.565,1,0xcaf00370,0,0,7,8191,8191,0,0,0,0,1,0,31,7,3,0,15,254,15
541882,2025-01-31 04:14:58.266532,0.088,8,4276.436793,0.089,7,0xcaf00370,0,0,7,8191,8191,0,0,0,0,1,0,31,7,3,0,15,254,15
543480,2025-01-31 04:14:58.316680,50.147999999999996,8,4276.48694,50.147,1,0xcaf00370,0,0,7,8191,8191,1,0,0,0,1,0,31,7,3,0,15,254,15
543482,2025-01-31 04:14:58.316761,0.081,8,4276.487021,0.081,7,0xcaf00370,0,0,7,8191,8191,1,0,0,0,1,0,31,7,3,0,15,254,15
545469,2025-01-31 04:14:58.377032,60.271,8,4276.547292,60.271,1,0xcaf00370,0,0,7,8191,8191,2,0,0,0,1,0,31,7,3,0,15,254,15
545470,2025-01-31 04:14:58.377102,0.06999999999999999,8,4276.547362,0.07,7,0xcaf00370,0,0,7,8191,8191,2,0,0,0,1,0,31,7,3,0,15,254,15
547038,2025-01-31 04:14:58.426369,49.266999999999996,8,4276.596629,49.267,1,0xcaf00370,0,0,7,8191,8191,3,0,0,0,1,0,31,7,3,0,15,254,15
547040,2025-01-31 04:14:58.426430,0.061,8,4276.59669,0.061,7,0xcaf00370,0,0,7,8191,8191,3,0,0,0,1,0,31,7,3,0,15,254,15
549101,2025-01-31 04:14:58.486629,60.199000000000005,8,4276.656889,60.199,1,0xcaf00370,0,0,7,8191,8191,0,0,0,0,1,0,31,7,3,0,15,254,15
549103,2025-01-31 04:14:58.486678,0.049,8,4276.656938,0.049,7,0xcaf00370,0,0,7,8191,8191,0,0,0,0,1,0,31,7,3,0,15,254,15
550691,2025-01-31 04:14:58.536863,50.185,8,4276.707123,50.185,1,0xcaf00370,0,0,7,8191,8191,1,0,0,0,1,0,31,7,3,0,15,254,15
550692,2025-01-31 04:14:58.536907,0.044,8,4276.707167,0.044,7,0xcaf00370,0,0,7,8191,8191,1,0,0,0,1,0,31,7,3,0,15,254,15
552396,2025-01-31 04:14:58.586909,50.001999999999995,8,4276.757169,50.002,1,0xcaf00370,0,0,7,8191,8191,2,0,0,0,1,0,31,7,3,0,15,254,15
552397,2025-01-31 04:14:58.586946,0.037,8,4276.757206,0.037,7,0xcaf00370,0,0,7,8191,8191,2,0,0,0,1,0,31,7,3,0,15,254,15
553997,2025-01-31 04:14:58.636656,49.709999999999994,8,4276.806916,49.71,1,0xcaf00370,0,0,7,8191,8191,3,0,0,0,1,0,31,7,3,0,15,254,15
553998,2025-01-31 04:14:58.636684,0.028,8,4276.806945,0.029,7,0xcaf00370,0,0,7,8191,8191,3,0,0,0,1,0,31,7,3,0,15,254,15
556064,2025-01-31 04:14:58.696432,59.748000000000005,8,4276.866692,59.747,1,0xcaf00370,0,0,7,8191,8191,0,0,0,0,1,0,31,7,3,0,15,254,15
556065,2025-01-31 04:14:58.696454,0.022,8,4276.866715,0.023,7,0xcaf00370,0,0,7,8191,8191,0,0,0,0,1,0,31,7,3,0,15,254,15
557638,2025-01-31 04:14:58.746694,50.24,8,4276.916954,50.239,1,0xcaf00370,0,0,7,8191,8191,1,0,0,0,1,0,31,7,3,0,15,254,15
557639,2025-01-31 04:14:58.746709,0.015000000000000001,8,4276.916969,0.015,7,0xcaf00370,0,0,7,8191,8191,1,0,0,0,1,0,31,7,3,0,15,254,15
559614,2025-01-31 04:14:58.807403,60.693999999999996,8,4276.977663,60.694,7,0xcaf00370,0,0,7,8191,8191,2,0,0,0,1,0,31,7,3,0,15,254,15
559615,2025-01-31 04:14:58.807427,0.024,8,4276.977687,0.024,1,0xcaf00370,0,0,7,8191,8191,2,0,0,0,1,0,31,7,3,0,15,254,15
561181,2025-01-31 04:14:58.856707,49.279999999999994,8,4277.026967,49.28,1,0xcaf00370,0,0,7,8191,8191,3,0,0,0,1,0,31,7,3,0,15,254,15
561182,2025-01-31 04:14:58.856713,0.006,8,4277.026973,0.006,7,0xcaf00370,0,0,7,8191,8191,3,0,0,0,1,0,31,7,3,0,15,254,15
563199,2025-01-31 04:14:58.916803,60.089999999999996,8,4277.087063,60.09,1,0xcaf00370,0,0,7,8191,8191,0,0,0,0,1,0,31,7,3,0,15,254,15
563200,2025-01-31 04:14:58.916807,0.004,8,4277.087067,0.004,7,0xcaf00370,0,0,7,8191,8191,0,0,0,0,1,0,31,7,3,0,15,254,15
564914,2025-01-31 04:14:58.966857,50.05,8,4277.137117,50.05,1,0xcaf00370,0,0,7,8191,8191,1,0,0,0,1,0,31,7,3,0,15,254,15
564915,2025-01-31 04:14:58.966861,0.004,8,4277.137121,0.004,7,0xcaf00370,0,0,7,8191,8191,1,0,0,0,1,0,31,7,3,0,15,254,15
567193,2025-01-31 04:14:59.036947,70.086,8,4277.207207,70.086,1,0xcaf00370,0,0,7,8191,8191,2,0,0,0,1,0,31,7,3,0,15,254,15
567194,2025-01-31 04:14:59.036951,0.004,8,4277.207211,0.004,7,0xcaf00370,0,0,7,8191,8191,2,0,0,0,1,0,31,7,3,0,15,254,15
568913,2025-01-31 04:14:59.086571,49.62,8,4277.256831,49.62,1,0xcaf00370,0,0,7,8191,8191,3,0,0,0,1,0,31,7,3,0,15,254,15
568914,2025-01-31 04:14:59.086574,0.003,8,4277.256835,0.004,7,0xcaf00370,0,0,7,8191,8191,3,0,0,0,1,0,31,7,3,0,15,254,15
570786,2025-01-31 04:14:59.146411,59.837,8,4277.316671,59.836,1,0xcaf00370,0,0,7,8191,8191,0,0,0,0,1,0,31,7,3,0,15,254,15
570787,2025-01-31 04:14:59.146412,0.001,8,4277.316672,0.001,7,0xcaf00370,0,0,7,8191,8191,0,0,0,0,1,0,31,7,3,0,15,254,15
572478,2025-01-31 04:14:59.196388,49.976,8,4277.366649,49.977,7,0xcaf00370,0,0,7,8191,8191,1,0,0,0,1,0,31,7,3,0,15,254,15
572479,2025-01-31 04:14:59.196390,0.002,8,4277.36665,0.001,1,0xcaf00370,0,0,7,8191,8191,1,0,0,0,1,0,31,7,3,0,15,254,15
574357,2025-01-31 04:14:59.256407,60.017,8,4277.426667,60.017,7,0xcaf00370,0,0,7,8191,8191,2,0,0,0,1,0,31,7,3,0,15,254,15
574358,2025-01-31 04:14:59.256410,0.003,8,4277.42667,0.003,1,0xcaf00370,0,0,7,8191,8191,2,0,0,0,1,0,31,7,3,0,15,254,15
575964,2025-01-31 04:14:59.306808,50.397999999999996,8,4277.477068,50.398,7,0xcaf00370,0,0,7,8191,8191,3,0,0,0,1,0,31,7,3,0,15,254,15
575965,2025-01-31 04:14:59.306811,0.003,8,4277.477071,0.003,1,0xcaf00370,0,0,7,8191,8191,3,0,0,0,1,0,31,7,3,0,15,254,15
577949,2025-01-31 04:14:59.366795,59.984,8,4277.537055,59.984,7,0xcaf00370,0,0,7,8191,8191,0,0,0,0,1,0,31,7,3,0,15,254,15
577950,2025-01-31 04:14:59.366799,0.004,8,4277.537059,0.004,1,0xcaf00370,0,0,7,8191,8191,0,0,0,0,1,0,31,7,3,0,15,254,15
579559,2025-01-31 04:14:59.416357,49.558,8,4277.586617,49.558,7,0xcaf00370,0,0,7,8191,8191,1,0,0,0,1,0,31,7,3,0,15,254,15
579560,2025-01-31 04:14:59.416362,0.005,8,4277.586622,0.005,1,0xcaf00370,0,0,7,8191,8191,1,0,0,0,1,0,31,7,3,0,15,254,15
581897,2025-01-31 04:14:59.486774,70.412,8,4277.657034,70.412,7,0xcaf00370,0,0,7,8191,8191,2,0,0,0,1,0,31,7,3,0,15,254,15
581898,2025-01-31 04:14:59.486782,0.008,8,4277.657042,0.008,1,0xcaf00370,0,0,7,8191,8191,2,0,0,0,1,0,31,7,3,0,15,254,15
583479,2025-01-31 04:14:59.536759,49.977000000000004,8,4277.707019,49.977,7,0xcaf00370,0,0,7,8191,8191,3,0,0,0,1,0,31,7,3,0,15,254,15
583480,2025-01-31 04:14:59.536771,0.012,8,4277.707032,0.013,1,0xcaf00370,0,0,7,8191,8191,3,0,0,0,1,0,31,7,3,0,15,254,15
585487,2025-01-31 04:14:59.596397,59.626,8,4277.766657,59.625,7,0xcaf00370,0,0,7,8191,8191,0,0,0,0,1,0,31,7,3,0,15,254,15
585488,2025-01-31 04:14:59.596416,0.019,8,4277.766676,0.019,1,0xcaf00370,0,0,7,8191,8191,0,0,0,0,1,0,31,7,3,0,15,254,15
587091,2025-01-31 04:14:59.646875,50.458999999999996,8,4277.817136,50.46,7,0xcaf00370,0,0,7,8191,8191,1,0,0,0,1,0,31,7,3,0,15,254,15
587092,2025-01-31 04:14:59.646899,0.024,8,4277.81716,0.024,1,0xcaf00370,0,0,7,8191,8191,1,0,0,0,1,0,31,7,3,0,15,254,15
588791,2025-01-31 04:14:59.696384,49.485,8,4277.866644,49.484,7,0xcaf00370,0,0,7,8191,8191,2,0,0,0,1,0,31,7,3,0,15,254,15
588792,2025-01-31 04:14:59.696411,0.027,8,4277.866671,0.027,1,0xcaf00370,0,0,7,8191,8191,2,0,0,0,1,0,31,7,3,0,15,254,15
590411,2025-01-31 04:14:59.746736,50.325,8,4277.916996,50.325,7,0xcaf00370,0,0,7,8191,8191,3,0,0,0,1,0,31,7,3,0,15,254,15
590412,2025-01-31 04:14:59.746770,0.034,8,4277.91703,0.034,1,0xcaf00370,0,0,7,8191,8191,3,0,0,0,1,0,31,7,3,0,15,254,15
592375,2025-01-31 04:14:59.807061,60.291,8,4277.977322,60.292,7,0xcaf00370,0,0,7,8191,8191,0,0,0,0,1,0,31,7,3,0,15,254,15
592376,2025-01-31 04:14:59.807100,0.039,8,4277.97736,0.038,1,0xcaf00370,0,0,7,8191,8191,0,0,0,0,1,0,31,7,3,0,15,254,15
593955,2025-01-31 04:14:59.856642,49.542,8,4278.026903,49.543,7,0xcaf00370,0,0,7,8191,8191,1,0,0,0,1,0,31,7,3,0,15,254,15
593956,2025-01-31 04:14:59.856685,0.043000000000000003,8,4278.026945,0.042,1,0xcaf00370,0,0,7,8191,8191,1,0,0,0,1,0,31,7,3,0,15,254,15
596210,2025-01-31 04:14:59.926394,69.70899999999999,8,4278.096654,69.709,7,0xcaf00370,0,0,7,8191,8191,2,0,0,0,1,0,31,7,3,0,15,254,15
596211,2025-01-31 04:14:59.926440,0.046,8,4278.096701,0.047,1,0xcaf00370,0,0,7,8191,8191,2,0,0,0,1,0,31,7,3,0,15,254,15
598113,2025-01-31 04:14:59.980828,54.388,8,4278.151088,54.387,1,0xcaf00370,0,0,7,8191,8191,3,0,0,0,1,0,31,7,3,0,15,254,15
598117,2025-01-31 04:14:59.980907,0.079,8,4278.151167,0.079,7,0xcaf00370,0,0,7,8191,8191,3,0,0,0,1,0,31,7,3,0,15,254,15
599552,2025-01-31 04:15:00.026604,45.697,8,4278.196864,45.697,7,0xcaf00370,0,0,7,8191,8191,0,0,0,0,1,0,31,7,3,0,15,254,15
599553,2025-01-31 04:15:00.026659,0.055,8,4278.196919,0.055,1,0xcaf00370,0,0,7,8191,8191,0,0,0,0,1,0,31,7,3,0,15,254,15
601354,2025-01-31 04:15:00.076928,50.269,8,4278.247188,50.269,7,0xcaf00370,0,0,7,8191,8191,1,0,0,0,1,0,31,7,3,0,15,254,15
601356,2025-01-31 04:15:00.076984,0.056,8,4278.247244,0.056,1,0xcaf00370,0,0,7,8191,8191,1,0,0,0,1,0,31,7,3,0,15,254,15
603243,2025-01-31 04:15:00.137013,60.028999999999996,8,4278.307273,60.029,7,0xcaf00370,0,0,7,8191,8191,2,0,0,0,1,0,31,7,3,0,15,254,15
603245,2025-01-31 04:15:00.137074,0.061,8,4278.307334,0.061,1,0xcaf00370,0,0,7,8191,8191,2,0,0,0,1,0,31,7,3,0,15,254,15
604933,2025-01-31 04:15:00.186315,49.241,8,4278.356575,49.241,7,0xcaf00370,0,0,7,8191,8191,3,0,0,0,1,0,31,7,3,0,15,254,15
604937,2025-01-31 04:15:00.186377,0.062,8,4278.356637,0.062,1,0xcaf00370,0,0,7,8191,8191,3,0,0,0,1,0,31,7,3,0,15,254,15
607186,2025-01-31 04:15:00.256567,70.19,8,4278.426827,70.19,7,0xcaf00370,0,0,7,8191,8191,0,0,0,0,1,0,31,7,3,0,15,254,15
607187,2025-01-31 04:15:00.256636,0.06899999999999999,8,4278.426896,0.069,1,0xcaf00370,0,0,7,8191,8191,0,0,0,0,1,0,31,7,3,0,15,254,15
608796,2025-01-31 04:15:00.306681,50.045,8,4278.476941,50.045,7,0xcaf00370,0,0,7,8191,8191,1,0,0,0,1,0,31,7,3,0,15,254,15
608797,2025-01-31 04:15:00.306751,0.06999999999999999,8,4278.477011,0.07,1,0xcaf00370,0,0,7,8191,8191,1,0,0,0,1,0,31,7,3,0,15,254,15
610380,2025-01-31 04:15:00.356560,49.809,8,4278.526821,49.81,7,0xcaf00370,0,0,7,8191,8191,2,0,0,0,1,0,31,7,3,0,15,254,15
610381,2025-01-31 04:15:00.356635,0.075,8,4278.526895,0.074,1,0xcaf00370,0,0,7,8191,8191,2,0,0,0,1,0,31,7,3,0,15,254,15
612040,2025-01-31 04:15:00.406677,50.042,8,4278.576937,50.042,7,0xcaf00370,0,0,7,8191,8191,3,0,0,0,1,0,31,7,3,0,15,254,15
612041,2025-01-31 04:15:00.406755,0.078,8,4278.577015,0.078,1,0xcaf00370,0,0,7,8191,8191,3,0,0,0,1,0,31,7,3,0,15,254,15
614062,2025-01-31 04:15:00.466474,59.719,8,4278.636734,59.719,7,0xcaf00370,0,0,7,8191,8191,0,0,0,0,1,0,31,7,3,0,15,254,15
614067,2025-01-31 04:15:00.466610,0.136,8,4278.63687,0.136,1,0xcaf00370,0,0,7,8191,8191,0,0,0,0,1,0,31,7,3,0,15,254,15
615676,2025-01-31 04:15:00.516237,49.626999999999995,8,4278.686497,49.627,7,0xcaf00370,0,0,7,8191,8191,1,0,0,0,1,0,31,7,3,0,15,254,15
615679,2025-01-31 04:15:00.516328,0.091,8,4278.686588,0.091,1,0xcaf00370,0,0,7,8191,8191,1,0,0,0,1,0,31,7,3,0,15,254,15
617688,2025-01-31 04:15:00.576315,59.987,8,4278.746575,59.987,7,0xcaf00370,0,0,7,8191,8191,2,0,0,0,1,0,31,7,3,0,15,254,15
617690,2025-01-31 04:15:00.576375,0.060000000000000005,8,4278.746635,0.06,1,0xcaf00370,0,0,7,8191,8191,2,0,0,0,1,0,31,7,3,0,15,254,15
619280,2025-01-31 04:15:00.626268,49.893,8,4278.796528,49.893,7,0xcaf00370,0,0,7,8191,8191,3,0,0,0,1,0,31,7,3,0,15,254,15
619281,2025-01-31 04:15:00.626314,0.046,8,4278.796575,0.047,1,0xcaf00370,0,0,7,8191,8191,3,0,0,0,1,0,31,7,3,0,15,254,15
621646,2025-01-31 04:15:00.696673,70.35900000000001,8,4278.866933,70.358,7,0xcaf00370,0,0,7,8191,8191,0,0,0,0,1,0,31,7,3,0,15,254,15
621648,2025-01-31 04:15:00.696701,0.028,8,4278.866961,0.028,1,0xcaf00370,0,0,7,8191,8191,0,0,0,0,1,0,31,7,3,0,15,254,15
623240,2025-01-31 04:15:00.746891,50.19,8,4278.917151,50.19,7,0xcaf00370,0,0,7,8191,8191,1,0,0,0,1,0,31,7,3,0,15,254,15
623260,2025-01-31 04:15:00.747205,0.314,8,4278.917465,0.314,1,0xcaf00370,0,0,7,8191,8191,1,0,0,0,1,0,31,7,3,0,15,254,15
624934,2025-01-31 04:15:00.796610,49.404999999999994,8,4278.96687,49.405,7,0xcaf00370,0,0,7,8191,8191,2,0,0,0,1,0,31,7,3,0,15,254,15
624936,2025-01-31 04:15:00.796615,0.005,8,4278.966876,0.006,1,0xcaf00370,0,0,7,8191,8191,2,0,0,0,1,0,31,7,3,0,15,254,15
626563,2025-01-31 04:15:00.847463,50.848,8,4279.017723,50.847,7,0xcaf00370,0,0,7,8191,8191,3,0,0,0,1,0,31,7,3,0,15,254,15
626570,2025-01-31 04:15:00.847750,0.287,8,4279.01801,0.287,1,0xcaf00370,0,0,7,8191,8191,3,0,0,0,1,0,31,7,3,0,15,254,15
628542,2025-01-31 04:15:00.907079,59.329,8,4279.07734,59.33,7,0xcaf00370,0,0,7,8191,8191,0,0,0,0,1,0,31,7,3,0,15,254,15
628543,2025-01-31 04:15:00.907083,0.004,8,4279.077344,0.004,1,0xcaf00370,0,0,7,8191,8191,0,0,0,0,1,0,31,7,3,0,15,254,15
630196,2025-01-31 04:15:00.956720,49.637,8,4279.12698,49.636,7,0xcaf00370,0,0,7,8191,8191,1,0,0,0,1,0,31,7,3,0,15,254,15
630197,2025-01-31 04:15:00.956724,0.004,8,4279.126984,0.004,1,0xcaf00370,0,0,7,8191,8191,1,0,0,0,1,0,31,7,3,0,15,254,15
632258,2025-01-31 04:15:01.016672,59.948,8,4279.186932,59.948,7,0xcaf00370,0,0,7,8191,8191,2,0,0,0,1,0,31,7,3,0,15,254,15
632261,2025-01-31 04:15:01.016726,0.054,8,4279.186987,0.055,1,0xcaf00370,0,0,7,8191,8191,2,0,0,0,1,0,31,7,3,0,15,254,15
633943,2025-01-31 04:15:01.066824,50.098,8,4279.237084,50.097,7,0xcaf00370,0,0,7,8191,8191,3,0,0,0,1,0,31,7,3,0,15,254,15
633944,2025-01-31 04:15:01.066829,0.005,8,4279.237089,0.005,1,0xcaf00370,0,0,7,8191,8191,3,0,0,0,1,0,31,7,3,0,15,254,15
635835,2025-01-31 04:15:01.126394,59.565,8,4279.296654,59.565,7,0xcaf00370,0,0,7,8191,8191,0,0,0,0,1,0,31,7,3,0,15,254,15
635853,2025-01-31 04:15:01.126755,0.361,8,4279.297015,0.361,1,0xcaf00370,0,0,7,8191,8191,0,0,0,0,1,0,31,7,3,0,15,254,15
637545,2025-01-31 04:15:01.176521,49.766,8,4279.346781,49.766,7,0xcaf00370,0,0,7,8191,8191,1,0,0,0,1,0,31,7,3,0,15,254,15
637560,2025-01-31 04:15:01.176777,0.256,8,4279.347037,0.256,1,0xcaf00370,0,0,7,8191,8191,1,0,0,0,1,0,31,7,3,0,15,254,15
639462,2025-01-31 04:15:01.236456,59.679,8,4279.406717,59.68,7,0xcaf00370,0,0,7,8191,8191,2,0,0,0,1,0,31,7,3,0,15,254,15
639466,2025-01-31 04:15:01.236477,0.020999999999999998,8,4279.406737,0.02,1,0xcaf00370,0,0,7,8191,8191,2,0,0,0,1,0,31,7,3,0,15,254,15
641150,2025-01-31 04:15:01.286431,49.954,8,4279.456692,49.955,1,0xcaf00370,0,0,7,8191,8191,3,0,0,0,1,0,31,7,3,0,15,254,15
641151,2025-01-31 04:15:01.286451,0.02,8,4279.456711,0.019,7,0xcaf00370,0,0,7,8191,8191,3,0,0,0,1,0,31,7,3,0,15,254,15
643030,2025-01-31 04:15:01.346661,60.21,8,4279.516921,60.21,1,0xcaf00370,0,0,7,8191,8191,0,0,0,0,1,0,31,7,3,0,15,254,15
643034,2025-01-31 04:15:01.346732,0.07100000000000001,8,4279.516992,0.071,7,0xcaf00370,0,0,7,8191,8191,0,0,0,0,1,0,31,7,3,0,15,254,15
644729,2025-01-31 04:15:01.396415,49.683,8,4279.566676,49.684,1,0xcaf00370,0,0,7,8191,8191,1,0,0,0,1,0,31,7,3,0,15,254,15
644740,2025-01-31 04:15:01.396682,0.26699999999999996,8,4279.566942,0.266,7,0xcaf00370,0,0,7,8191,8191,1,0,0,0,1,0,31,7,3,0,15,254,15
647390,2025-01-31 04:15:01.476505,79.82300000000001,8,4279.646765,79.823,1,0xcaf00370,0,0,7,8191,8191,2,0,0,0,1,0,31,7,3,0,15,254,15
647413,2025-01-31 04:15:01.476941,0.43600000000000005,8,4279.647201,0.436,7,0xcaf00370,0,0,7,8191,8191,2,0,0,0,1,0,31,7,3,0,15,254,15
648980,2025-01-31 04:15:01.526424,49.483,8,4279.696684,49.483,7,0xcaf00370,0,0,7,8191,8191,3,0,0,0,1,0,31,7,3,0,15,254,15
648981,2025-01-31 04:15:01.526455,0.031,8,4279.696715,0.031,1,0xcaf00370,0,0,7,8191,8191,3,0,0,0,1,0,31,7,3,0,15,254,15
650745,2025-01-31 04:15:01.576938,50.483,8,4279.747199,50.484,1,0xcaf00370,0,0,7,8191,8191,0,0,0,0,1,0,31,7,3,0,15,254,15
650751,2025-01-31 04:15:01.577076,0.13799999999999998,8,4279.747336,0.137,7,0xcaf00370,0,0,7,8191,8191,0,0,0,0,1,0,31,7,3,0,15,254,15
652298,2025-01-31 04:15:01.626409,49.333,8,4279.796669,49.333,7,0xcaf00370,0,0,7,8191,8191,1,0,0,0,1,0,31,7,3,0,15,254,15
652301,2025-01-31 04:15:01.626451,0.041999999999999996,8,4279.796711,0.042,1,0xcaf00370,0,0,7,8191,8191,1,0,0,0,1,0,31,7,3,0,15,254,15
654003,2025-01-31 04:15:01.676954,50.503,8,4279.847214,50.503,1,0xcaf00370,0,0,7,8191,8191,2,0,0,0,1,0,31,7,3,0,15,254,15
654014,2025-01-31 04:15:01.677243,0.289,8,4279.847503,0.289,7,0xcaf00370,0,0,7,8191,8191,2,0,0,0,1,0,31,7,3,0,15,254,15
655603,2025-01-31 04:15:01.726411,49.168000000000006,8,4279.896671,49.168,7,0xcaf00370,0,0,7,8191,8191,3,0,0,0,1,0,31,7,3,0,15,254,15
655605,2025-01-31 04:15:01.726475,0.064,8,4279.896736,0.065,1,0xcaf00370,0,0,7,8191,8191,3,0,0,0,1,0,31,7,3,0,15,254,15
657583,2025-01-31 04:15:01.786440,59.964999999999996,8,4279.9567,59.964,7,0xcaf00370,0,0,7,8191,8191,0,0,0,0,1,0,31,7,3,0,15,254,15
657586,2025-01-31 04:15:01.786521,0.081,8,4279.956781,0.081,1,0xcaf00370,0,0,7,8191,8191,0,0,0,0,1,0,31,7,3,0,15,254,15
659152,2025-01-31 04:15:01.836903,50.382000000000005,8,4280.007163,50.382,1,0xcaf00370,0,0,7,8191,8191,1,0,0,0,1,0,31,7,3,0,15,254,15
659155,2025-01-31 04:15:01.836927,0.024,8,4280.007187,0.024,7,0xcaf00370,0,0,7,8191,8191,1,0,0,0,1,0,31,7,3,0,15,254,15
661185,2025-01-31 04:15:01.896723,59.796,8,4280.066983,59.796,7,0xcaf00370,0,0,7,8191,8191,2,0,0,0,1,0,31,7,3,0,15,254,15
661187,2025-01-31 04:15:01.896821,0.098,8,4280.067081,0.098,1,0xcaf00370,0,0,7,8191,8191,2,0,0,0,1,0,31,7,3,0,15,254,15
662701,2025-01-31 04:15:01.946472,49.651,8,4280.116733,49.652,7,0xcaf00370,0,0,7,8191,8191,3,0,0,0,1,0,31,7,3,0,15,254,15
662705,2025-01-31 04:15:01.946578,0.106,8,4280.116838,0.105,1,0xcaf00370,0,0,7,8191,8191,3,0,0,0,1,0,31,7,3,0,15,254,15
664504,2025-01-31 04:15:01.996783,50.205,8,4280.167043,50.205,7,0xcaf00370,0,0,7,8191,8191,0,0,0,0,1,0,31,7,3,0,15,254,15
664506,2025-01-31 04:15:01.996896,0.11299999999999999,8,4280.167156,0.113,1,0xcaf00370,0,0,7,8191,8191,0,0,0,0,1,0,31,7,3,0,15,254,15
666059,2025-01-31 04:15:02.046422,49.526,8,4280.216683,49.527,7,0xcaf00370,0,0,7,8191,8191,1,0,0,0,1,0,31,7,3,0,15,254,15
666063,2025-01-31 04:15:02.046543,0.121,8,4280.216804,0.121,1,0xcaf00370,0,0,7,8191,8191,1,0,0,0,1,0,31,7,3,0,15,254,15
668434,2025-01-31 04:15:02.116816,70.273,8,4280.287076,70.272,7,0xcaf00370,0,0,7,8191,8191,2,0,0,0,1,0,31,7,3,0,15,254,15
668438,2025-01-31 04:15:02.116948,0.132,8,4280.287208,0.132,1,0xcaf00370,0,0,7,8191,8191,2,0,0,0,1,0,31,7,3,0,15,254,15
670084,2025-01-31 04:15:02.166705,49.757000000000005,8,4280.336965,49.757,7,0xcaf00370,0,0,7,8191,8191,3,0,0,0,1,0,31,7,3,0,15,254,15
670089,2025-01-31 04:15:02.166845,0.13999999999999999,8,4280.337105,0.14,1,0xcaf00370,0,0,7,8191,8191,3,0,0,0,1,0,31,7,3,0,15,254,15
671991,2025-01-31 04:15:02.226450,59.605,8,4280.39671,59.605,7,0xcaf00370,0,0,7,8191,8191,0,0,0,0,1,0,31,7,3,0,15,254,15
671994,2025-01-31 04:15:02.226598,0.148,8,4280.396858,0.148,1,0xcaf00370,0,0,7,8191,8191,0,0,0,0,1,0,31,7,3,0,15,254,15
673675,2025-01-31 04:15:02.276416,49.818,8,4280.446676,49.818,7,0xcaf00370,0,0,7,8191,8191,1,0,0,0,1,0,31,7,3,0,15,254,15
673680,2025-01-31 04:15:02.276572,0.156,8,4280.446832,0.156,1,0xcaf00370,0,0,7,8191,8191,1,0,0,0,1,0,31,7,3,0,15,254,15
675527,2025-01-31 04:15:02.336474,59.901999999999994,8,4280.506734,59.902,7,0xcaf00370,0,0,7,8191,8191,2,0,0,0,1,0,31,7,3,0,15,254,15
675532,2025-01-31 04:15:02.336640,0.166,8,4280.5069,0.166,1,0xcaf00370,0,0,7,8191,8191,2,0,0,0,1,0,31,7,3,0,15,254,15
677215,2025-01-31 04:15:02.386390,49.75,8,4280.55665,49.75,7,0xcaf00370,0,0,7,8191,8191,3,0,0,0,1,0,31,7,3,0,15,254,15
677216,2025-01-31 04:15:02.386563,0.17300000000000001,8,4280.556824,0.174,1,0xcaf00370,0,0,7,8191,8191,3,0,0,0,1,0,31,7,3,0,15,254,15
679485,2025-01-31 04:15:02.457317,70.75399999999999,8,4280.627577,70.753,7,0xcaf00370,0,0,7,8191,8191,0,0,0,0,1,0,31,7,3,0,15,254,15
679492,2025-01-31 04:15:02.457500,0.183,8,4280.62776,0.183,1,0xcaf00370,0,0,7,8191,8191,0,0,0,0,1,0,31,7,3,0,15,254,15
681111,2025-01-31 04:15:02.506806,49.306000000000004,8,4280.677067,49.307,7,0xcaf00370,0,0,7,8191,8191,1,0,0,0,1,0,31,7,3,0,15,254,15
681113,2025-01-31 04:15:02.506992,0.186,8,4280.677253,0.186,1,0xcaf00370,0,0,7,8191,8191,1,0,0,0,1,0,31,7,3,0,15,254,15
683110,2025-01-31 04:15:02.566822,59.83,8,4280.737082,59.829,7,0xcaf00370,0,0,7,8191,8191,2,0,0,0,1,0,31,7,3,0,15,254,15
683114,2025-01-31 04:15:02.567003,0.18100000000000002,8,4280.737263,0.181,1,0xcaf00370,0,0,7,8191,8191,2,0,0,0,1,0,31,7,3,0,15,254,15
684723,2025-01-31 04:15:02.616433,49.43,8,4280.786693,49.43,7,0xcaf00370,0,0,7,8191,8191,3,0,0,0,1,0,31,7,3,0,15,254,15
684726,2025-01-31 04:15:02.616609,0.176,8,4280.786869,0.176,1,0xcaf00370,0,0,7,8191,8191,3,0,0,0,1,0,31,7,3,0,15,254,15
686672,2025-01-31 04:15:02.676526,59.917,8,4280.846786,59.917,7,0xcaf00370,0,0,7,8191,8191,0,0,0,0,1,0,31,7,3,0,15,254,15
686675,2025-01-31 04:15:02.676697,0.171,8,4280.846957,0.171,1,0xcaf00370,0,0,7,8191,8191,0,0,0,0,1,0,31,7,3,0,15,254,15
688291,2025-01-31 04:15:02.726425,49.728,8,4280.896685,49.728,7,0xcaf00370,0,0,7,8191,8191,1,0,0,0,1,0,31,7,3,0,15,254,15
688292,2025-01-31 04:15:02.726592,0.16699999999999998,8,4280.896852,0.167,1,0xcaf00370,0,0,7,8191,8191,1,0,0,0,1,0,31,7,3,0,15,254,15
690269,2025-01-31 04:15:02.786474,59.882,8,4280.956734,59.882,7,0xcaf00370,0,0,7,8191,8191,2,0,0,0,1,0,31,7,3,0,15,254,15
690271,2025-01-31 04:15:02.786637,0.163,8,4280.956897,0.163,1,0xcaf00370,0,0,7,8191,8191,2,0,0,0,1,0,31,7,3,0,15,254,15
691798,2025-01-31 04:15:02.836870,50.233,8,4281.00713,50.233,7,0xcaf00370,0,0,7,8191,8191,3,0,0,0,1,0,31,7,3,0,15,254,15
691801,2025-01-31 04:15:02.837024,0.154,8,4281.007285,0.155,1,0xcaf00370,0,0,7,8191,8191,3,0,0,0,1,0,31,7,3,0,15,254,15
694119,2025-01-31 04:15:02.906924,69.9,8,4281.077184,69.899,7,0xcaf00370,0,0,7,8191,8191,0,0,0,0,1,0,31,7,3,0,15,254,15
694122,2025-01-31 04:15:02.907064,0.13999999999999999,8,4281.077325,0.141,1,0xcaf00370,0,0,7,8191,8191,0,0,0,0,1,0,31,7,3,0,15,254,15
695728,2025-01-31 04:15:02.956516,49.452000000000005,8,4281.126776,49.451,7,0xcaf00370,0,0,7,8191,8191,1,0,0,0,1,0,31,7,3,0,15,254,15
695731,2025-01-31 04:15:02.956645,0.129,8,4281.126905,0.129,1,0xcaf00370,0,0,7,8191,8191,1,0,0,0,1,0,31,7,3,0,15,254,15
697805,2025-01-31 04:15:03.016517,59.872,8,4281.186777,59.872,7,0xcaf00370,0,0,7,8191,8191,2,0,0,0,1,0,31,7,3,0,15,254,15
697807,2025-01-31 04:15:03.016633,0.116,8,4281.186893,0.116,1,0xcaf00370,0,0,7,8191,8191,2,0,0,0,1,0,31,7,3,0,15,254,15
699531,2025-01-31 04:15:03.066929,50.296,8,4281.23719,50.297,7,0xcaf00370,0,0,7,8191,8191,3,0,0,0,1,0,31,7,3,0,15,254,15
699535,2025-01-31 04:15:03.067035,0.106,8,4281.237295,0.105,1,0xcaf00370,0,0,7,8191,8191,3,0,0,0,1,0,31,7,3,0,15,254,15
701463,2025-01-31 04:15:03.126542,59.507,8,4281.296802,59.507,7,0xcaf00370,0,0,7,8191,8191,0,0,0,0,1,0,31,7,3,0,15,254,15
701464,2025-01-31 04:15:03.126633,0.091,8,4281.296893,0.091,1,0xcaf00370,0,0,7,8191,8191,0,0,0,0,1,0,31,7,3,0,15,254,15
703170,2025-01-31 04:15:03.176540,49.907,8,4281.346801,49.908,7,0xcaf00370,0,0,7,8191,8191,1,0,0,0,1,0,31,7,3,0,15,254,15
703172,2025-01-31 04:15:03.176622,0.082,8,4281.346882,0.081,1,0xcaf00370,0,0,7,8191,8191,1,0,0,0,1,0,31,7,3,0,15,254,15
705021,2025-01-31 04:15:03.236629,60.007,8,4281.406889,60.007,7,0xcaf00370,0,0,7,8191,8191,2,0,0,0,1,0,31,7,3,0,15,254,15
705022,2025-01-31 04:15:03.236698,0.06899999999999999,8,4281.406958,0.069,1,0xcaf00370,0,0,7,8191,8191,2,0,0,0,1,0,31,7,3,0,15,254,15
706724,2025-01-31 04:15:03.286580,49.882000000000005,8,4281.45684,49.882,7,0xcaf00370,0,0,7,8191,8191,3,0,0,0,1,0,31,7,3,0,15,254,15
706726,2025-01-31 04:15:03.286639,0.059,8,4281.456899,0.059,1,0xcaf00370,0,0,7,8191,8191,3,0,0,0,1,0,31,7,3,0,15,254,15
708539,2025-01-31 04:15:03.346588,59.949000000000005,8,4281.516848,59.949,7,0xcaf00370,0,0,7,8191,8191,0,0,0,0,1,0,31,7,3,0,15,254,15
708541,2025-01-31 04:15:03.346634,0.046,8,4281.516895,0.047,1,0xcaf00370,0,0,7,8191,8191,0,0,0,0,1,0,31,7,3,0,15,254,15
710253,2025-01-31 04:15:03.396565,49.931000000000004,8,4281.566826,49.931,7,0xcaf00370,0,0,7,8191,8191,1,0,0,0,1,0,31,7,3,0,15,254,15
710255,2025-01-31 04:15:03.396601,0.036000000000000004,8,4281.566861,0.035,1,0xcaf00370,0,0,7,8191,8191,1,0,0,0,1,0,31,7,3,0,15,254,15
712178,2025-01-31 04:15:03.456608,60.007,8,4281.626868,60.007,7,0xcaf00370,0,0,7,8191,8191,2,0,0,0,1,0,31,7,3,0,15,254,15
712179,2025-01-31 04:15:03.456630,0.022,8,4281.62689,0.022,1,0xcaf00370,0,0,7,8191,8191,2,0,0,0,1,0,31,7,3,0,15,254,15
713848,2025-01-31 04:15:03.507036,50.406,8,4281.677297,50.407,7,0xcaf00370,0,0,7,8191,8191,3,0,0,0,1,0,31,7,3,0,15,254,15
713849,2025-01-31 04:15:03.507050,0.014,8,4281.67731,0.013,1,0xcaf00370,0,0,7,8191,8191,3,0,0,0,1,0,31,7,3,0,15,254,15
715861,2025-01-31 04:15:03.568508,61.458,8,4281.738768,61.458,7,0xcaf00370,0,0,7,8191,8191,0,0,0,0,1,0,31,7,3,0,15,254,15
715862,2025-01-31 04:15:03.568514,0.006,8,4281.738774,0.006,1,0xcaf00370,0,0,7,8191,8191,0,0,0,0,1,0,31,7,3,0,15,254,15
717434,2025-01-31 04:15:03.616585,48.071000000000005,8,4281.786845,48.071,1,0xcaf00370,0,0,7,8191,8191,1,0,0,0,1,0,31,7,3,0,15,254,15
717435,2025-01-31 04:15:03.616588,0.003,8,4281.786849,0.004,7,0xcaf00370,0,0,7,8191,8191,1,0,0,0,1,0,31,7,3,0,15,254,15
719426,2025-01-31 04:15:03.676669,60.081,8,4281.84693,60.081,1,0xcaf00370,0,0,7,8191,8191,2,0,0,0,1,0,31,7,3,0,15,254,15
719427,2025-01-31 04:15:03.676682,0.013,8,4281.846942,0.012,7,0xcaf00370,0,0,7,8191,8191,2,0,0,0,1,0,31,7,3,0,15,254,15
721012,2025-01-31 04:15:03.726601,49.919,8,4281.896861,49.919,1,0xcaf00370,0,0,7,8191,8191,3,0,0,0,1,0,31,7,3,0,15,254,15
721013,2025-01-31 04:15:03.726622,0.020999999999999998,8,4281.896882,0.021,7,0xcaf00370,0,0,7,8191,8191,3,0,0,0,1,0,31,7,3,0,15,254,15
723002,2025-01-31 04:15:03.786640,60.018,8,4281.9569,60.018,1,0xcaf00370,0,0,7,8191,8191,0,0,0,0,1,0,31,7,3,0,15,254,15
723003,2025-01-31 04:15:03.786668,0.028,8,4281.956928,0.028,7,0xcaf00370,0,0,7,8191,8191,0,0,0,0,1,0,31,7,3,0,15,254,15
724680,2025-01-31 04:15:03.840366,53.698,8,4282.010626,53.698,1,0xcaf00370,0,0,7,8191,8191,1,0,0,0,1,0,31,7,3,0,15,254,15
724693,2025-01-31 04:15:03.840544,0.178,8,4282.010804,0.178,7,0xcaf00370,0,0,7,8191,8191,1,0,0,0,1,0,31,7,3,0,15,254,15
726290,2025-01-31 04:15:03.886945,46.400999999999996,8,4282.057206,46.402,7,0xcaf00370,0,0,7,8191,8191,2,0,0,0,1,0,31,7,3,0,15,254,15
726292,2025-01-31 04:15:03.887071,0.126,8,4282.057331,0.125,1,0xcaf00370,0,0,7,8191,8191,2,0,0,0,1,0,31,7,3,0,15,254,15
727841,2025-01-31 04:15:03.937032,49.961,8,4282.107293,49.962,1,0xcaf00370,0,0,7,8191,8191,3,0,0,0,1,0,31,7,3,0,15,254,15
727842,2025-01-31 04:15:03.937063,0.031,8,4282.107323,0.03,7,0xcaf00370,0,0,7,8191,8191,3,0,0,0,1,0,31,7,3,0,15,254,15
727843,2025-01-31 04:15:03.937063,0.0,8,4282.107323,0.0,7,0xcaf00370,0,0,7,8191,8191,3,0,0,0,1,0,31,7,3,0,15,254,15
729914,2025-01-31 04:15:03.996946,59.882999999999996,8,4282.167206,59.883,1,0xcaf00370,0,0,7,8191,8191,0,0,0,0,1,0,31,7,3,0,15,254,15
729915,2025-01-31 04:15:03.996974,0.028,8,4282.167235,0.029,7,0xcaf00370,0,0,7,8191,8191,0,0,0,0,1,0,31,7,3,0,15,254,15
731486,2025-01-31 04:15:04.047147,50.173,8,4282.217407,50.172,1,0xcaf00370,0,0,7,8191,8191,1,0,0,0,1,0,31,7,3,0,15,254,15
731487,2025-01-31 04:15:04.047175,0.028,8,4282.217435,0.028,7,0xcaf00370,0,0,7,8191,8191,1,0,0,0,1,0,31,7,3,0,15,254,15
733544,2025-01-31 04:15:04.107339,60.164,8,4282.277599,60.164,1,0xcaf00370,0,0,7,8191,8191,2,0,0,0,1,0,31,7,3,0,15,254,15
733545,2025-01-31 04:15:04.107363,0.024,8,4282.277624,0.025,7,0xcaf00370,0,0,7,8191,8191,2,0,0,0,1,0,31,7,3,0,15,254,15
735113,2025-01-31 04:15:04.156965,49.602,8,4282.327226,49.602,1,0xcaf00370,0,0,7,8191,8191,3,0,0,0,1,0,31,7,3,0,15,254,15
