logIndex,logTime,¦¤logTime[ms],length,timeStamp[s],¦¤timeStamp[ms],seq,ID,msgcnt,¦¤msgcnt,Path Index,Offset,Offset(Adj),Cyclic Counter,Last Stub at Offset,Rerouting Flag,Sub-path Index,Retransmission,Update,Relative Probability,Functional Road Class,Part of Calculated route,Expressway Flag,Form of Way,Turn angle,Number of Lanes in driving direction
1285,2025-01-31 03:55:42.004747,0.0,8,3119.984858,0.0,7,0xcaf00370,0,0,31,7865,7865,2,1,0,6,1,0,30,1,2,1,1,253,3
1472,2025-01-31 03:55:42.010666,5.919,8,3119.990777,5.919,1,0xcaf00370,0,0,31,7865,7865,2,1,0,6,1,0,30,1,2,1,1,253,3
3306,2025-01-31 03:55:42.064831,54.165,8,3120.044942,54.165,7,0xcaf00370,0,0,31,1569,1569,3,0,0,6,1,0,25,1,2,1,1,253,3
3490,2025-01-31 03:55:42.070433,5.602,8,3120.050544,5.602,1,0xcaf00370,0,0,31,1569,1569,3,0,0,6,1,0,25,1,2,1,1,253,3
4995,2025-01-31 03:55:42.114963,44.53,8,3120.095073,44.529,7,0xcaf00370,0,0,31,1569,1569,0,1,0,38,1,0,5,2,0,1,9,250,1
5135,2025-01-31 03:55:42.120430,5.467,8,3120.100541,5.468,1,0xcaf00370,0,0,31,1569,1569,0,1,0,38,1,0,5,2,0,1,9,250,1
6988,2025-01-31 03:55:42.174823,54.392999999999994,8,3120.154933,54.392,7,0xcaf00370,0,0,31,2011,2011,1,0,0,6,1,0,30,1,2,1,1,0,3
7145,2025-01-31 03:55:42.180129,5.306,8,3120.16024,5.307,1,0xcaf00370,0,0,31,2011,10202,1,0,0,6,1,0,30,1,2,1,1,0,3
8644,2025-01-31 03:55:42.224565,44.436,8,3120.204676,44.436,7,0xcaf00370,0,0,31,2011,10202,2,1,0,39,1,0,0,2,0,0,10,131,0
8831,2025-01-31 03:55:42.229811,5.2459999999999996,8,3120.209922,5.246,1,0xcaf00370,0,0,31,2011,10202,2,1,0,39,1,0,0,2,0,0,10,131,0
10748,2025-01-31 03:55:42.285057,55.246,8,3120.265167,55.245,7,0xcaf00370,0,0,31,2300,10491,3,1,0,6,1,0,30,1,2,1,1,0,3
10909,2025-01-31 03:55:42.290067,5.01,8,3120.270177,5.01,1,0xcaf00370,0,0,31,2300,10491,3,1,0,6,1,0,30,1,2,1,1,0,3
12362,2025-01-31 03:55:42.335392,45.324999999999996,8,3120.315502,45.325,7,0xcaf00370,0,0,31,2384,10575,0,1,0,6,1,0,30,1,2,1,1,252,3
12543,2025-01-31 03:55:42.340265,4.872999999999999,8,3120.320376,4.874,1,0xcaf00370,0,0,31,2384,10575,0,1,0,6,1,0,30,1,2,1,1,252,3
14414,2025-01-31 03:55:42.394900,54.635000000000005,8,3120.37501,54.634,7,0xcaf00370,0,0,31,2655,10846,1,1,0,6,1,0,30,1,2,1,1,0,3
14542,2025-01-31 03:55:42.399789,4.889,8,3120.3799,4.89,1,0xcaf00370,0,0,31,2655,10846,1,1,0,6,1,0,30,1,2,1,1,0,3
16061,2025-01-31 03:55:42.445199,45.41,8,3120.425309,45.409,7,0xcaf00370,0,0,31,4157,12348,2,1,0,6,1,0,30,1,2,1,1,1,3
16257,2025-01-31 03:55:42.449810,4.611,8,3120.429921,4.612,1,0xcaf00370,0,0,31,4157,12348,2,1,0,6,1,0,30,1,2,1,1,1,3
18365,2025-01-31 03:55:42.514917,65.107,8,3120.495027,65.106,7,0xcaf00370,0,0,31,4262,12453,3,1,0,6,1,0,30,1,2,1,1,0,3
18466,2025-01-31 03:55:42.519495,4.577999999999999,8,3120.499605,4.578,1,0xcaf00370,0,0,31,4262,12453,3,1,0,6,1,0,30,1,2,1,1,0,3
22011,2025-01-31 03:55:42.622175,102.67999999999999,8,3120.602286,102.681,7,0xcaf00370,0,0,31,7394,7394,0,1,0,6,1,0,30,1,2,1,1,0,3
22156,2025-01-31 03:55:42.626712,4.537,8,3120.606822,4.536,1,0xcaf00370,0,0,31,7394,7394,0,1,0,6,1,0,30,1,2,1,1,0,3
23469,2025-01-31 03:55:42.664811,38.099000000000004,8,3120.644921,38.099,7,0xcaf00370,0,0,31,7481,7481,1,1,0,6,1,0,30,1,2,1,1,253,3
23606,2025-01-31 03:55:42.669108,4.297,8,3120.649218,4.297,1,0xcaf00370,0,0,31,7481,7481,1,1,0,6,1,0,30,1,2,1,1,253,3
25420,2025-01-31 03:55:42.724632,55.523999999999994,8,3120.704743,55.525,7,0xcaf00370,0,0,31,7776,7776,2,1,0,6,1,0,30,1,2,1,1,253,3
25575,2025-01-31 03:55:42.729122,4.49,8,3120.709232,4.489,1,0xcaf00370,0,0,31,7776,7776,2,1,0,6,1,0,30,1,2,1,1,253,3
27163,2025-01-31 03:55:42.774812,45.690000000000005,8,3120.754922,45.69,7,0xcaf00370,0,0,31,7865,7865,3,1,0,6,1,0,30,1,2,1,1,253,3
27317,2025-01-31 03:55:42.779194,4.382,8,3120.759305,4.383,1,0xcaf00370,0,0,31,7865,7865,3,1,0,6,1,0,30,1,2,1,1,253,3
29104,2025-01-31 03:55:42.834976,55.782,8,3120.815087,55.782,7,0xcaf00370,0,0,31,1569,9760,0,0,0,6,1,0,25,1,2,1,1,253,3
29245,2025-01-31 03:55:42.838775,3.799,8,3120.818886,3.799,1,0xcaf00370,0,0,31,1569,9760,0,0,0,6,1,0,25,1,2,1,1,253,3
30826,2025-01-31 03:55:42.884928,46.153,8,3120.865038,46.152,7,0xcaf00370,0,0,31,1569,9760,1,1,0,38,1,0,5,2,0,1,9,250,1
30957,2025-01-31 03:55:42.888693,3.765,8,3120.868803,3.765,1,0xcaf00370,0,0,31,1569,9760,1,1,0,38,1,0,5,2,0,1,9,250,1
32771,2025-01-31 03:55:42.945184,56.491,8,3120.925294,56.491,7,0xcaf00370,0,0,31,2011,10202,2,0,0,6,1,0,30,1,2,1,1,0,3
32933,2025-01-31 03:55:42.948695,3.5109999999999997,8,3120.928805,3.511,1,0xcaf00370,0,0,31,2011,10202,2,0,0,6,1,0,30,1,2,1,1,0,3
34481,2025-01-31 03:55:42.994838,46.143,8,3120.974948,46.143,7,0xcaf00370,0,0,31,2011,10202,3,1,0,39,1,0,0,2,0,0,10,131,0
34609,2025-01-31 03:55:42.998296,3.458,8,3120.978406,3.458,1,0xcaf00370,0,0,31,2011,10202,3,1,0,39,1,0,0,2,0,0,10,131,0
36519,2025-01-31 03:55:43.054644,56.348,8,3121.034755,56.349,7,0xcaf00370,0,0,31,2300,10491,0,1,0,6,1,0,30,1,2,1,1,0,3
36634,2025-01-31 03:55:43.058034,3.3899999999999997,8,3121.038144,3.389,1,0xcaf00370,0,0,31,2300,10491,0,1,0,6,1,0,30,1,2,1,1,0,3
38165,2025-01-31 03:55:43.105179,47.144999999999996,8,3121.085289,47.145,7,0xcaf00370,0,0,31,2384,10575,1,1,0,6,1,0,30,1,2,1,1,252,3
38280,2025-01-31 03:55:43.108509,3.33,8,3121.088619,3.33,1,0xcaf00370,0,0,31,2384,10575,1,1,0,6,1,0,30,1,2,1,1,252,3
40178,2025-01-31 03:55:43.165255,56.745999999999995,8,3121.145365,56.746,7,0xcaf00370,0,0,31,2655,10846,2,1,0,6,1,0,30,1,2,1,1,0,3
40300,2025-01-31 03:55:43.168239,2.984,8,3121.148349,2.984,1,0xcaf00370,0,0,31,2655,10846,2,1,0,6,1,0,30,1,2,1,1,0,3
41841,2025-01-31 03:55:43.214985,46.746,8,3121.195095,46.746,7,0xcaf00370,0,0,31,4157,12348,3,1,0,6,1,0,30,1,2,1,1,1,3
41935,2025-01-31 03:55:43.218042,3.057,8,3121.198153,3.058,1,0xcaf00370,0,0,31,4157,12348,3,1,0,6,1,0,30,1,2,1,1,1,3
43901,2025-01-31 03:55:43.274878,56.836,8,3121.254989,56.836,7,0xcaf00370,0,0,31,4262,12453,0,1,0,6,1,0,30,1,2,1,1,0,3
44004,2025-01-31 03:55:43.277843,2.9650000000000003,8,3121.257953,2.964,1,0xcaf00370,0,0,31,4262,12453,0,1,0,6,1,0,30,1,2,1,1,0,3
47546,2025-01-31 03:55:43.384928,107.085,8,3121.365038,107.085,7,0xcaf00370,0,0,31,7394,7394,1,1,0,6,1,0,30,1,2,1,1,0,3
47639,2025-01-31 03:55:43.387728,2.8,8,3121.367839,2.801,1,0xcaf00370,0,0,31,7394,7394,1,1,0,6,1,0,30,1,2,1,1,0,3
49129,2025-01-31 03:55:43.434924,47.196000000000005,8,3121.415035,47.196,7,0xcaf00370,0,0,31,7481,7481,2,1,0,6,1,0,30,1,2,1,1,253,3
49256,2025-01-31 03:55:43.437594,2.67,8,3121.417705,2.67,1,0xcaf00370,0,0,31,7481,7481,2,1,0,6,1,0,30,1,2,1,1,253,3
51154,2025-01-31 03:55:43.495074,57.480000000000004,8,3121.475185,57.48,7,0xcaf00370,0,0,31,7776,7776,3,1,0,6,1,0,30,1,2,1,1,253,3
51276,2025-01-31 03:55:43.497568,2.494,8,3121.477678,2.493,1,0xcaf00370,0,0,31,7776,7776,3,1,0,6,1,0,30,1,2,1,1,253,3
52992,2025-01-31 03:55:43.548987,51.419,8,3121.529098,51.42,7,0xcaf00370,0,0,31,7865,7865,0,1,0,6,1,0,30,1,2,1,1,253,3
53094,2025-01-31 03:55:43.551061,2.074,8,3121.531172,2.074,1,0xcaf00370,0,0,31,7865,7865,0,1,0,6,1,0,30,1,2,1,1,253,3
55176,2025-01-31 03:55:43.615116,64.055,8,3121.595226,64.054,7,0xcaf00370,0,0,31,1569,9760,1,0,0,6,1,0,25,1,2,1,1,253,3
55260,2025-01-31 03:55:43.617260,2.144,8,3121.597371,2.145,1,0xcaf00370,0,0,31,1569,9760,1,0,0,6,1,0,25,1,2,1,1,253,3
56832,2025-01-31 03:55:43.664890,47.629999999999995,8,3121.645,47.629,7,0xcaf00370,0,0,31,1569,9760,2,1,0,38,1,0,5,2,0,1,9,250,1
56913,2025-01-31 03:55:43.666888,1.9980000000000002,8,3121.646998,1.998,1,0xcaf00370,0,0,31,1569,9760,2,1,0,38,1,0,5,2,0,1,9,250,1
58529,2025-01-31 03:55:43.714844,47.955999999999996,8,3121.694954,47.956,7,0xcaf00370,0,0,31,2011,10202,3,0,0,6,1,0,30,1,2,1,1,0,3
58607,2025-01-31 03:55:43.716695,1.851,8,3121.696806,1.852,1,0xcaf00370,0,0,31,2011,10202,3,0,0,6,1,0,30,1,2,1,1,0,3
60171,2025-01-31 03:55:43.764915,48.22,8,3121.745026,48.22,7,0xcaf00370,0,0,31,2011,10202,0,1,0,39,1,0,0,2,0,0,10,131,0
60250,2025-01-31 03:55:43.766620,1.7049999999999998,8,3121.74673,1.704,1,0xcaf00370,0,0,31,2011,10202,0,1,0,39,1,0,0,2,0,0,10,131,0
62130,2025-01-31 03:55:43.824882,58.262,8,3121.804992,58.262,7,0xcaf00370,0,0,31,2300,10491,1,1,0,6,1,0,30,1,2,1,1,0,3
62190,2025-01-31 03:55:43.826413,1.531,8,3121.806524,1.532,1,0xcaf00370,0,0,31,2300,10491,1,1,0,6,1,0,30,1,2,1,1,0,3
63831,2025-01-31 03:55:43.874784,48.370999999999995,8,3121.854894,48.37,7,0xcaf00370,0,0,31,2384,10575,2,1,0,6,1,0,30,1,2,1,1,252,3
63885,2025-01-31 03:55:43.876168,1.3840000000000001,8,3121.856278,1.384,1,0xcaf00370,0,0,31,2384,10575,2,1,0,6,1,0,30,1,2,1,1,252,3
65707,2025-01-31 03:55:43.934772,58.604000000000006,8,3121.914882,58.604,7,0xcaf00370,0,0,31,2655,10846,3,1,0,6,1,0,30,1,2,1,1,0,3
65746,2025-01-31 03:55:43.935826,1.054,8,3121.915936,1.054,1,0xcaf00370,0,0,31,2655,10846,3,1,0,6,1,0,30,1,2,1,1,0,3
67461,2025-01-31 03:55:43.984852,49.026,8,3121.964962,49.026,7,0xcaf00370,0,0,31,4157,12348,0,1,0,6,1,0,30,1,2,1,1,1,3
67499,2025-01-31 03:55:43.985914,1.062,8,3121.966024,1.062,1,0xcaf00370,0,0,31,4157,12348,0,1,0,6,1,0,30,1,2,1,1,1,3
69430,2025-01-31 03:55:44.044604,58.69,8,3122.024715,58.691,7,0xcaf00370,0,0,31,4262,12453,1,1,0,6,1,0,30,1,2,1,1,0,3
69455,2025-01-31 03:55:44.045493,0.889,8,3122.025603,0.888,1,0xcaf00370,0,0,31,4262,12453,1,1,0,6,1,0,30,1,2,1,1,0,3
73451,2025-01-31 03:55:44.164613,119.12,8,3122.144724,119.121,7,0xcaf00370,0,0,31,7394,7394,2,1,0,6,1,0,30,1,2,1,1,0,3
73464,2025-01-31 03:55:44.165149,0.536,8,3122.14526,0.536,1,0xcaf00370,0,0,31,7394,7394,2,1,0,6,1,0,30,1,2,1,1,0,3
75159,2025-01-31 03:55:44.214788,49.639,8,3122.194899,49.639,7,0xcaf00370,0,0,31,7481,7481,3,1,0,6,1,0,30,1,2,1,1,253,3
75165,2025-01-31 03:55:44.215178,0.39,8,3122.195289,0.39,1,0xcaf00370,0,0,31,7481,7481,3,1,0,6,1,0,30,1,2,1,1,253,3
77529,2025-01-31 03:55:44.284979,69.801,8,3122.265089,69.8,7,0xcaf00370,0,0,31,7776,7776,0,1,0,6,1,0,30,1,2,1,1,253,3
77535,2025-01-31 03:55:44.285158,0.179,8,3122.265269,0.18,1,0xcaf00370,0,0,31,7776,7776,0,1,0,6,1,0,30,1,2,1,1,253,3
79109,2025-01-31 03:55:44.334825,49.667,8,3122.314935,49.666,7,0xcaf00370,0,0,31,7865,7865,1,1,0,6,1,0,30,1,2,1,1,253,3
79110,2025-01-31 03:55:44.334845,0.02,8,3122.314955,0.02,1,0xcaf00370,0,0,31,7865,7865,1,1,0,6,1,0,30,1,2,1,1,253,3
80830,2025-01-31 03:55:44.384627,49.782,8,3122.364738,49.783,1,0xcaf00370,0,0,31,1569,9760,2,0,0,6,1,0,25,1,2,1,1,253,3
80834,2025-01-31 03:55:44.384772,0.145,8,3122.364882,0.144,7,0xcaf00370,0,0,31,1569,9760,2,0,0,6,1,0,25,1,2,1,1,253,3
82409,2025-01-31 03:55:44.434571,49.799,8,3122.414682,49.8,1,0xcaf00370,0,0,31,1569,9760,3,1,0,38,1,0,5,2,0,1,9,250,1
82417,2025-01-31 03:55:44.434852,0.281,8,3122.414962,0.28,7,0xcaf00370,0,0,31,1569,9760,3,1,0,38,1,0,5,2,0,1,9,250,1
84114,2025-01-31 03:55:44.484482,49.63,8,3122.464593,49.631,1,0xcaf00370,0,0,31,2011,10202,0,0,0,6,1,0,30,1,2,1,1,0,3
84117,2025-01-31 03:55:44.484752,0.27,8,3122.464862,0.269,7,0xcaf00370,0,0,31,2011,10202,0,0,0,6,1,0,30,1,2,1,1,0,3
85671,2025-01-31 03:55:44.534717,49.965,8,3122.514827,49.965,1,0xcaf00370,0,0,31,2011,10202,1,1,0,39,1,0,0,2,0,0,10,131,0
85677,2025-01-31 03:55:44.534998,0.281,8,3122.515108,0.281,7,0xcaf00370,0,0,31,2011,10202,1,1,0,39,1,0,0,2,0,0,10,131,0
87818,2025-01-31 03:55:44.594730,59.732,8,3122.574841,59.733,1,0xcaf00370,0,0,31,2300,10491,2,1,0,6,1,0,30,1,2,1,1,0,3
87823,2025-01-31 03:55:44.595022,0.292,8,3122.575133,0.292,7,0xcaf00370,0,0,31,2300,10491,2,1,0,6,1,0,30,1,2,1,1,0,3
89410,2025-01-31 03:55:44.644229,49.207,8,3122.624339,49.206,1,0xcaf00370,0,0,31,2384,10575,3,1,0,6,1,0,30,1,2,1,1,252,3
89414,2025-01-31 03:55:44.644529,0.3,8,3122.62464,0.301,7,0xcaf00370,0,0,31,2384,10575,3,1,0,6,1,0,30,1,2,1,1,252,3
91759,2025-01-31 03:55:44.714731,70.202,8,3122.694841,70.201,1,0xcaf00370,0,0,31,2655,10846,0,1,0,6,1,0,30,1,2,1,1,0,3
91761,2025-01-31 03:55:44.715047,0.316,8,3122.695157,0.316,7,0xcaf00370,0,0,31,2655,10846,0,1,0,6,1,0,30,1,2,1,1,0,3
93417,2025-01-31 03:55:44.764213,49.166000000000004,8,3122.744323,49.166,1,0xcaf00370,0,0,31,4157,12348,1,1,0,6,1,0,30,1,2,1,1,1,3
93424,2025-01-31 03:55:44.764538,0.325,8,3122.744648,0.325,7,0xcaf00370,0,0,31,4157,12348,1,1,0,6,1,0,30,1,2,1,1,1,3
95035,2025-01-31 03:55:44.814739,50.201,8,3122.794849,50.201,1,0xcaf00370,0,0,31,4262,12453,2,1,0,6,1,0,30,1,2,1,1,0,3
95041,2025-01-31 03:55:44.815077,0.33799999999999997,8,3122.795188,0.339,7,0xcaf00370,0,0,31,4262,12453,2,1,0,6,1,0,30,1,2,1,1,0,3
98623,2025-01-31 03:55:44.924222,109.14500000000001,8,3122.904333,109.145,1,0xcaf00370,0,0,31,7394,7394,3,1,0,6,1,0,30,1,2,1,1,0,3
98631,2025-01-31 03:55:44.924580,0.358,8,3122.90469,0.357,7,0xcaf00370,0,0,31,7394,7394,3,1,0,6,1,0,30,1,2,1,1,0,3
100361,2025-01-31 03:55:44.974430,49.85,8,3122.95454,49.85,1,0xcaf00370,0,0,31,7481,7481,0,1,0,6,1,0,30,1,2,1,1,253,3
100370,2025-01-31 03:55:44.974798,0.368,8,3122.954909,0.369,7,0xcaf00370,0,0,31,7481,7481,0,1,0,6,1,0,30,1,2,1,1,253,3
102257,2025-01-31 03:55:45.034232,59.434,8,3123.014342,59.433,1,0xcaf00370,0,0,31,7776,7776,1,1,0,6,1,0,30,1,2,1,1,253,3
102267,2025-01-31 03:55:45.034717,0.48500000000000004,8,3123.014827,0.485,7,0xcaf00370,0,0,31,7776,7776,1,1,0,6,1,0,30,1,2,1,1,253,3
104024,2025-01-31 03:55:45.084326,49.609,8,3123.064436,49.609,1,0xcaf00370,0,0,31,7865,7865,2,1,0,6,1,0,30,1,2,1,1,253,3
104030,2025-01-31 03:55:45.084717,0.391,8,3123.064827,0.391,7,0xcaf00370,0,0,31,7865,7865,2,1,0,6,1,0,30,1,2,1,1,253,3
105631,2025-01-31 03:55:45.134457,49.74,8,3123.114567,49.74,1,0xcaf00370,0,0,31,1569,9760,3,0,0,6,1,0,25,1,2,1,1,253,3
105640,2025-01-31 03:55:45.134858,0.40099999999999997,8,3123.114968,0.401,7,0xcaf00370,0,0,31,1569,9760,3,0,0,6,1,0,25,1,2,1,1,253,3
107344,2025-01-31 03:55:45.184325,49.467,8,3123.164435,49.467,1,0xcaf00370,0,0,31,1569,9760,0,1,0,38,1,0,5,2,0,1,9,250,1
107350,2025-01-31 03:55:45.184737,0.412,8,3123.164848,0.413,7,0xcaf00370,0,0,31,1569,9760,0,1,0,38,1,0,5,2,0,1,9,250,1
109398,2025-01-31 03:55:45.244148,59.411,8,3123.224259,59.411,1,0xcaf00370,0,0,31,2011,10202,1,0,0,6,1,0,30,1,2,1,1,0,3
109405,2025-01-31 03:55:45.244572,0.424,8,3123.224682,0.423,7,0xcaf00370,0,0,31,2011,10202,1,0,0,6,1,0,30,1,2,1,1,0,3
111082,2025-01-31 03:55:45.294119,49.547000000000004,8,3123.27423,49.548,1,0xcaf00370,0,0,31,2011,10202,2,1,0,39,1,0,0,2,0,0,10,131,0
111094,2025-01-31 03:55:45.294552,0.433,8,3123.274662,0.432,7,0xcaf00370,0,0,31,2011,10202,2,1,0,39,1,0,0,2,0,0,10,131,0
113063,2025-01-31 03:55:45.354124,59.572,8,3123.334234,59.572,1,0xcaf00370,0,0,31,2300,10491,3,1,0,6,1,0,30,1,2,1,1,0,3
113072,2025-01-31 03:55:45.354566,0.442,8,3123.334676,0.442,7,0xcaf00370,0,0,31,2300,10491,3,1,0,6,1,0,30,1,2,1,1,0,3
114706,2025-01-31 03:55:45.404629,50.063,8,3123.38474,50.064,1,0xcaf00370,0,0,31,2384,10575,0,1,0,6,1,0,30,1,2,1,1,252,3
114713,2025-01-31 03:55:45.405035,0.406,8,3123.385145,0.405,7,0xcaf00370,0,0,31,2384,10575,0,1,0,6,1,0,30,1,2,1,1,252,3
117105,2025-01-31 03:55:45.474250,69.215,8,3123.45436,69.215,1,0xcaf00370,0,0,31,2655,10846,1,1,0,6,1,0,30,1,2,1,1,0,3
117122,2025-01-31 03:55:45.474797,0.5469999999999999,8,3123.454908,0.548,7,0xcaf00370,0,0,31,2655,10846,1,1,0,6,1,0,30,1,2,1,1,0,3
118657,2025-01-31 03:55:45.523872,49.075,8,3123.503983,49.075,1,0xcaf00370,0,0,31,4157,12348,2,1,0,6,1,0,30,1,2,1,1,1,3
118675,2025-01-31 03:55:45.524523,0.651,8,3123.504633,0.65,7,0xcaf00370,0,0,31,4157,12348,2,1,0,6,1,0,30,1,2,1,1,1,3
120487,2025-01-31 03:55:45.574521,49.998,8,3123.554631,49.998,1,0xcaf00370,0,0,31,4262,12453,3,1,0,6,1,0,30,1,2,1,1,0,3
120505,2025-01-31 03:55:45.575275,0.754,8,3123.555385,0.754,7,0xcaf00370,0,0,31,4262,12453,3,1,0,6,1,0,30,1,2,1,1,0,3
124144,2025-01-31 03:55:45.684106,108.831,8,3123.664216,108.831,1,0xcaf00370,0,0,31,7394,7394,0,1,0,6,1,0,30,1,2,1,1,0,3
124157,2025-01-31 03:55:45.685087,0.9810000000000001,8,3123.665197,0.981,7,0xcaf00370,0,0,31,7394,7394,0,1,0,6,1,0,30,1,2,1,1,0,3
125755,2025-01-31 03:55:45.733433,48.346000000000004,8,3123.713543,48.346,1,0xcaf00370,0,0,31,7481,7481,1,1,0,6,1,0,30,1,2,1,1,253,3
125770,2025-01-31 03:55:45.734675,1.242,8,3123.714785,1.242,7,0xcaf00370,0,0,31,7481,7481,1,1,0,6,1,0,30,1,2,1,1,253,3
127476,2025-01-31 03:55:45.784182,49.507000000000005,8,3123.764292,49.507,1,0xcaf00370,0,0,31,7776,7776,2,1,0,6,1,0,30,1,2,1,1,253,3
127501,2025-01-31 03:55:45.785369,1.1869999999999998,8,3123.76548,1.188,7,0xcaf00370,0,0,31,7776,7776,2,1,0,6,1,0,30,1,2,1,1,253,3
129039,2025-01-31 03:55:45.833898,48.529,8,3123.814008,48.528,1,0xcaf00370,0,0,31,7865,7865,3,1,0,6,1,0,30,1,2,1,1,253,3
129074,2025-01-31 03:55:45.835189,1.2910000000000001,8,3123.815299,1.291,7,0xcaf00370,0,0,31,7865,7865,3,1,0,6,1,0,30,1,2,1,1,253,3
131676,2025-01-31 03:55:45.913365,78.176,8,3123.893475,78.176,1,0xcaf00370,0,0,31,1569,9760,0,0,0,6,1,0,25,1,2,1,1,253,3
131694,2025-01-31 03:55:45.914820,1.4549999999999998,8,3123.89493,1.455,7,0xcaf00370,0,0,31,1569,9760,0,0,0,6,1,0,25,1,2,1,1,253,3
133314,2025-01-31 03:55:45.963328,48.508,8,3123.943438,48.508,1,0xcaf00370,0,0,31,1569,9760,1,1,0,38,1,0,5,2,0,1,9,250,1
133365,2025-01-31 03:55:45.964805,1.477,8,3123.944915,1.477,7,0xcaf00370,0,0,31,1569,9760,1,1,0,38,1,0,5,2,0,1,9,250,1
134986,2025-01-31 03:55:46.013168,48.36300000000001,8,3123.993279,48.364,1,0xcaf00370,0,0,31,2011,10202,2,0,0,6,1,0,30,1,2,1,1,0,3
135040,2025-01-31 03:55:46.014828,1.66,8,3123.994939,1.66,7,0xcaf00370,0,0,31,2011,10202,2,0,0,6,1,0,30,1,2,1,1,0,3
136668,2025-01-31 03:55:46.063077,48.249,8,3124.043187,48.248,1,0xcaf00370,0,0,31,2011,10202,3,1,0,39,1,0,0,2,0,0,10,131,0
136699,2025-01-31 03:55:46.064840,1.7630000000000001,8,3124.04495,1.763,7,0xcaf00370,0,0,31,2011,10202,3,1,0,39,1,0,0,2,0,0,10,131,0
138663,2025-01-31 03:55:46.122965,58.125,8,3124.103075,58.125,1,0xcaf00370,0,0,31,2300,10491,0,1,0,6,1,0,30,1,2,1,1,0,3
138718,2025-01-31 03:55:46.124852,1.887,8,3124.104963,1.888,7,0xcaf00370,0,0,31,2300,10491,0,1,0,6,1,0,30,1,2,1,1,0,3
140412,2025-01-31 03:55:46.172760,47.908,8,3124.15287,47.907,1,0xcaf00370,0,0,31,2384,10575,1,1,0,6,1,0,30,1,2,1,1,252,3
140477,2025-01-31 03:55:46.174748,1.9880000000000002,8,3124.154858,1.988,7,0xcaf00370,0,0,31,2384,10575,1,1,0,6,1,0,30,1,2,1,1,252,3
142073,2025-01-31 03:55:46.222724,47.976,8,3124.202835,47.977,1,0xcaf00370,0,0,31,2655,10846,2,1,0,6,1,0,30,1,2,1,1,0,3
142126,2025-01-31 03:55:46.224815,2.091,8,3124.204925,2.09,7,0xcaf00370,0,0,31,2655,10846,2,1,0,6,1,0,30,1,2,1,1,0,3
142127,2025-01-31 03:55:46.224815,0.0,8,3124.204925,0.0,7,0xcaf00370,0,0,31,2655,10846,2,1,0,6,1,0,30,1,2,1,1,0,3
143770,2025-01-31 03:55:46.272630,47.815000000000005,8,3124.25274,47.815,1,0xcaf00370,0,0,31,4157,12348,3,1,0,6,1,0,30,1,2,1,1,1,3
143848,2025-01-31 03:55:46.274828,2.198,8,3124.254938,2.198,7,0xcaf00370,0,0,31,4157,12348,3,1,0,6,1,0,30,1,2,1,1,1,3
145747,2025-01-31 03:55:46.332229,57.401,8,3124.31234,57.402,1,0xcaf00370,0,0,31,4262,12453,0,1,0,6,1,0,30,1,2,1,1,0,3
145803,2025-01-31 03:55:46.334643,2.4139999999999997,8,3124.314753,2.413,7,0xcaf00370,0,0,31,4262,12453,0,1,0,6,1,0,30,1,2,1,1,0,3
149421,2025-01-31 03:55:46.442317,107.674,8,3124.422428,107.675,1,0xcaf00370,0,0,31,7394,7394,1,1,0,6,1,0,30,1,2,1,1,0,3
149474,2025-01-31 03:55:46.444812,2.4949999999999997,8,3124.424922,2.494,7,0xcaf00370,0,0,31,7394,7394,1,1,0,6,1,0,30,1,2,1,1,0,3
151120,2025-01-31 03:55:46.492325,47.513,8,3124.472436,47.514,1,0xcaf00370,0,0,31,7481,7481,2,1,0,6,1,0,30,1,2,1,1,253,3
151187,2025-01-31 03:55:46.494713,2.388,8,3124.474823,2.387,7,0xcaf00370,0,0,31,7481,7481,2,1,0,6,1,0,30,1,2,1,1,253,3
152769,2025-01-31 03:55:46.544326,49.613,8,3124.524436,49.613,1,0xcaf00370,0,0,31,7776,7776,3,1,0,6,1,0,30,1,2,1,1,253,3
152827,2025-01-31 03:55:46.546602,2.276,8,3124.526712,2.276,7,0xcaf00370,0,0,31,7776,7776,3,1,0,6,1,0,30,1,2,1,1,253,3
154481,2025-01-31 03:55:46.592336,45.733999999999995,8,3124.572447,45.735,1,0xcaf00370,0,0,31,7865,7865,0,1,0,6,1,0,30,1,2,1,1,253,3
154552,2025-01-31 03:55:46.594512,2.176,8,3124.574622,2.175,7,0xcaf00370,0,0,31,7865,7865,0,1,0,6,1,0,30,1,2,1,1,253,3
156436,2025-01-31 03:55:46.652534,58.022,8,3124.632645,58.023,1,0xcaf00370,0,0,31,1569,9760,1,0,0,6,1,0,25,1,2,1,1,253,3
156508,2025-01-31 03:55:46.654581,2.047,8,3124.634691,2.046,7,0xcaf00370,0,0,31,1569,9760,1,0,0,6,1,0,25,1,2,1,1,253,3
158140,2025-01-31 03:55:46.702939,48.358,8,3124.683049,48.358,1,0xcaf00370,0,0,31,1569,9760,2,1,0,38,1,0,5,2,0,1,9,250,1
158172,2025-01-31 03:55:46.704790,1.851,8,3124.6849,1.851,7,0xcaf00370,0,0,31,1569,9760,2,1,0,38,1,0,5,2,0,1,9,250,1
160102,2025-01-31 03:55:46.762753,57.963,8,3124.742863,57.963,1,0xcaf00370,0,0,31,2011,10202,3,0,0,6,1,0,30,1,2,1,1,0,3
160148,2025-01-31 03:55:46.764564,1.811,8,3124.744674,1.811,7,0xcaf00370,0,0,31,2011,10202,3,0,0,6,1,0,30,1,2,1,1,0,3
161751,2025-01-31 03:55:46.812827,48.263,8,3124.792937,48.263,1,0xcaf00370,0,0,31,2011,10202,0,1,0,39,1,0,0,2,0,0,10,131,0
161786,2025-01-31 03:55:46.814532,1.7049999999999998,8,3124.794642,1.705,7,0xcaf00370,0,0,31,2011,10202,0,1,0,39,1,0,0,2,0,0,10,131,0
163742,2025-01-31 03:55:46.872972,58.44,8,3124.853082,58.44,1,0xcaf00370,0,0,31,2300,10491,1,1,0,6,1,0,30,1,2,1,1,0,3
163802,2025-01-31 03:55:46.874549,1.577,8,3124.854659,1.577,7,0xcaf00370,0,0,31,2300,10491,1,1,0,6,1,0,30,1,2,1,1,0,3
165365,2025-01-31 03:55:46.923054,48.505,8,3124.903165,48.506,1,0xcaf00370,0,0,31,2384,10575,2,1,0,6,1,0,30,1,2,1,1,252,3
165411,2025-01-31 03:55:46.924524,1.47,8,3124.904634,1.469,7,0xcaf00370,0,0,31,2384,10575,2,1,0,6,1,0,30,1,2,1,1,252,3
167079,2025-01-31 03:55:46.973452,48.928,8,3124.953562,48.928,1,0xcaf00370,0,0,31,2655,10846,3,1,0,6,1,0,30,1,2,1,1,0,3
167125,2025-01-31 03:55:46.974816,1.3639999999999999,8,3124.954926,1.364,7,0xcaf00370,0,0,31,2655,10846,3,1,0,6,1,0,30,1,2,1,1,0,3
168687,2025-01-31 03:55:47.023313,48.497,8,3125.003424,48.498,1,0xcaf00370,0,0,31,4157,12348,0,1,0,6,1,0,30,1,2,1,1,1,3
168726,2025-01-31 03:55:47.024570,1.2570000000000001,8,3125.00468,1.256,7,0xcaf00370,0,0,31,4157,12348,0,1,0,6,1,0,30,1,2,1,1,1,3
171163,2025-01-31 03:55:47.094115,69.545,8,3125.074225,69.545,1,0xcaf00370,0,0,31,4262,12453,1,1,0,6,1,0,30,1,2,1,1,0,3
171187,2025-01-31 03:55:47.095221,1.106,8,3125.075332,1.107,7,0xcaf00370,0,0,31,4262,12453,1,1,0,6,1,0,30,1,2,1,1,0,3
174492,2025-01-31 03:55:47.194201,98.98,8,3125.174312,98.98,1,0xcaf00370,0,0,31,7394,7394,2,1,0,6,1,0,30,1,2,1,1,0,3
174506,2025-01-31 03:55:47.195095,0.894,8,3125.175205,0.893,7,0xcaf00370,0,0,31,7394,7394,2,1,0,6,1,0,30,1,2,1,1,0,3
176101,2025-01-31 03:55:47.244022,48.927,8,3125.224132,48.927,1,0xcaf00370,0,0,31,7481,7481,3,1,0,6,1,0,30,1,2,1,1,253,3
176120,2025-01-31 03:55:47.244806,0.784,8,3125.224916,0.784,7,0xcaf00370,0,0,31,7481,7481,3,1,0,6,1,0,30,1,2,1,1,253,3
178730,2025-01-31 03:55:47.324206,79.39999999999999,8,3125.304317,79.401,1,0xcaf00370,0,0,31,7776,7776,0,1,0,6,1,0,30,1,2,1,1,253,3
178743,2025-01-31 03:55:47.324816,0.61,8,3125.304926,0.609,7,0xcaf00370,0,0,31,7776,7776,0,1,0,6,1,0,30,1,2,1,1,253,3
180478,2025-01-31 03:55:47.374745,49.929,8,3125.354856,49.93,1,0xcaf00370,0,0,31,7865,7865,1,1,0,6,1,0,30,1,2,1,1,253,3
180491,2025-01-31 03:55:47.375244,0.499,8,3125.355355,0.499,7,0xcaf00370,0,0,31,7865,7865,1,1,0,6,1,0,30,1,2,1,1,253,3
182044,2025-01-31 03:55:47.424152,48.908,8,3125.404262,48.907,1,0xcaf00370,0,0,31,1569,9760,2,0,0,6,1,0,25,1,2,1,1,253,3
182055,2025-01-31 03:55:47.424543,0.391,8,3125.404653,0.391,7,0xcaf00370,0,0,31,1569,9760,2,0,0,6,1,0,25,1,2,1,1,253,3
183777,2025-01-31 03:55:47.474791,50.248,8,3125.454901,50.248,1,0xcaf00370,0,0,31,1569,9760,3,1,0,38,1,0,5,2,0,1,9,250,1
183784,2025-01-31 03:55:47.475210,0.419,8,3125.45532,0.419,7,0xcaf00370,0,0,31,1569,9760,3,1,0,38,1,0,5,2,0,1,9,250,1
185351,2025-01-31 03:55:47.524073,48.863,8,3125.504184,48.864,1,0xcaf00370,0,0,31,2011,10202,0,0,0,6,1,0,30,1,2,1,1,0,3
185367,2025-01-31 03:55:47.524543,0.47,8,3125.504653,0.469,7,0xcaf00370,0,0,31,2011,10202,0,0,0,6,1,0,30,1,2,1,1,0,3
187166,2025-01-31 03:55:47.574698,50.155,8,3125.554808,50.155,1,0xcaf00370,0,0,31,2011,10202,1,1,0,39,1,0,0,2,0,0,10,131,0
187181,2025-01-31 03:55:47.575218,0.5199999999999999,8,3125.555329,0.521,7,0xcaf00370,0,0,31,2011,10202,1,1,0,39,1,0,0,2,0,0,10,131,0
189436,2025-01-31 03:55:47.643952,68.73400000000001,8,3125.624062,68.733,1,0xcaf00370,0,0,31,2300,10491,2,1,0,6,1,0,30,1,2,1,1,0,3
189460,2025-01-31 03:55:47.644544,0.592,8,3125.624655,0.593,7,0xcaf00370,0,0,31,2300,10491,2,1,0,6,1,0,30,1,2,1,1,0,3
191159,2025-01-31 03:55:47.693948,49.404,8,3125.674058,49.403,1,0xcaf00370,0,0,31,2384,10575,3,1,0,6,1,0,30,1,2,1,1,252,3
191181,2025-01-31 03:55:47.694496,0.5479999999999999,8,3125.674607,0.549,7,0xcaf00370,0,0,31,2384,10575,3,1,0,6,1,0,30,1,2,1,1,252,3
193440,2025-01-31 03:55:47.764294,69.798,8,3125.744404,69.797,1,0xcaf00370,0,0,31,2655,10846,0,1,0,6,1,0,30,1,2,1,1,0,3
193466,2025-01-31 03:55:47.764817,0.523,8,3125.744928,0.524,7,0xcaf00370,0,0,31,2655,10846,0,1,0,6,1,0,30,1,2,1,1,0,3
195081,2025-01-31 03:55:47.813805,48.988,8,3125.793915,48.987,1,0xcaf00370,0,0,31,4157,12348,1,1,0,6,1,0,30,1,2,1,1,1,3
195115,2025-01-31 03:55:47.814478,0.673,8,3125.794588,0.673,7,0xcaf00370,0,0,31,4157,12348,1,1,0,6,1,0,30,1,2,1,1,1,3
196752,2025-01-31 03:55:47.864213,49.735,8,3125.844323,49.735,1,0xcaf00370,0,0,31,4262,12453,2,1,0,6,1,0,30,1,2,1,1,0,3
196786,2025-01-31 03:55:47.864859,0.646,8,3125.84497,0.647,7,0xcaf00370,0,0,31,4262,12453,2,1,0,6,1,0,30,1,2,1,1,0,3
200410,2025-01-31 03:55:47.973863,109.004,8,3125.953973,109.003,1,0xcaf00370,0,0,31,7394,7394,3,1,0,6,1,0,30,1,2,1,1,0,3
200443,2025-01-31 03:55:47.974756,0.893,8,3125.954866,0.893,7,0xcaf00370,0,0,31,7394,7394,3,1,0,6,1,0,30,1,2,1,1,0,3
202035,2025-01-31 03:55:48.023740,48.984,8,3126.00385,48.984,1,0xcaf00370,0,0,31,7481,7481,0,1,0,6,1,0,30,1,2,1,1,253,3
202068,2025-01-31 03:55:48.024619,0.879,8,3126.004729,0.879,7,0xcaf00370,0,0,31,7481,7481,0,1,0,6,1,0,30,1,2,1,1,253,3
203829,2025-01-31 03:55:48.074191,49.571999999999996,8,3126.054302,49.573,1,0xcaf00370,0,0,31,7776,7776,1,1,0,6,1,0,30,1,2,1,1,253,3
203867,2025-01-31 03:55:48.075218,1.027,8,3126.055329,1.027,7,0xcaf00370,0,0,31,7776,7776,1,1,0,6,1,0,30,1,2,1,1,253,3
205414,2025-01-31 03:55:48.124029,48.811,8,3126.104139,48.81,1,0xcaf00370,0,0,31,7865,7865,2,1,0,6,1,0,30,1,2,1,1,253,3
205446,2025-01-31 03:55:48.124857,0.828,8,3126.104968,0.829,7,0xcaf00370,0,0,31,7865,7865,2,1,0,6,1,0,30,1,2,1,1,253,3
207471,2025-01-31 03:55:48.183789,58.931999999999995,8,3126.163899,58.931,1,0xcaf00370,0,0,31,1569,9760,3,0,0,6,1,0,25,1,2,1,1,253,3
207509,2025-01-31 03:55:48.184740,0.9510000000000001,8,3126.16485,0.951,7,0xcaf00370,0,0,31,1569,9760,3,0,0,6,1,0,25,1,2,1,1,253,3
209175,2025-01-31 03:55:48.233024,48.284,8,3126.213134,48.284,1,0xcaf00370,0,0,31,1569,9760,0,1,0,38,1,0,5,2,0,1,9,250,1
209211,2025-01-31 03:55:48.234229,1.2049999999999998,8,3126.214339,1.205,7,0xcaf00370,0,0,31,1569,9760,0,1,0,38,1,0,5,2,0,1,9,250,1
211852,2025-01-31 03:55:48.313113,78.884,8,3126.293223,78.884,1,0xcaf00370,0,0,31,2011,10202,1,0,0,6,1,0,30,1,2,1,1,0,3
211923,2025-01-31 03:55:48.314524,1.411,8,3126.294634,1.411,7,0xcaf00370,0,0,31,2011,10202,1,0,0,6,1,0,30,1,2,1,1,0,3
213502,2025-01-31 03:55:48.362897,48.373,8,3126.343008,48.374,1,0xcaf00370,0,0,31,2011,10202,2,1,0,39,1,0,0,2,0,0,10,131,0
213546,2025-01-31 03:55:48.364227,1.33,8,3126.344337,1.329,7,0xcaf00370,0,0,31,2011,10202,2,1,0,39,1,0,0,2,0,0,10,131,0
215207,2025-01-31 03:55:48.413200,48.973000000000006,8,3126.39331,48.973,1,0xcaf00370,0,0,31,2300,10491,3,1,0,6,1,0,30,1,2,1,1,0,3
215269,2025-01-31 03:55:48.414654,1.454,8,3126.394764,1.454,7,0xcaf00370,0,0,31,2300,10491,3,1,0,6,1,0,30,1,2,1,1,0,3
216828,2025-01-31 03:55:48.462774,48.120000000000005,8,3126.442884,48.12,1,0xcaf00370,0,0,31,2384,10575,0,1,0,6,1,0,30,1,2,1,1,252,3
216889,2025-01-31 03:55:48.464213,1.439,8,3126.444324,1.44,7,0xcaf00370,0,0,31,2384,10575,0,1,0,6,1,0,30,1,2,1,1,252,3
218544,2025-01-31 03:55:48.513070,48.857,8,3126.493181,48.857,1,0xcaf00370,0,0,31,2655,10846,1,1,0,6,1,0,30,1,2,1,1,0,3
218614,2025-01-31 03:55:48.514790,1.72,8,3126.494901,1.72,7,0xcaf00370,0,0,31,2655,10846,1,1,0,6,1,0,30,1,2,1,1,0,3
220231,2025-01-31 03:55:48.562665,47.875,8,3126.542776,47.875,1,0xcaf00370,0,0,31,4157,12348,2,1,0,6,1,0,30,1,2,1,1,1,3
220285,2025-01-31 03:55:48.564224,1.5590000000000002,8,3126.544334,1.558,7,0xcaf00370,0,0,31,4157,12348,2,1,0,6,1,0,30,1,2,1,1,1,3
222277,2025-01-31 03:55:48.622864,58.64,8,3126.602974,58.64,1,0xcaf00370,0,0,31,4262,12453,3,1,0,6,1,0,30,1,2,1,1,0,3
222344,2025-01-31 03:55:48.624751,1.887,8,3126.604861,1.887,7,0xcaf00370,0,0,31,4262,12453,3,1,0,6,1,0,30,1,2,1,1,0,3
225986,2025-01-31 03:55:48.733017,108.266,8,3126.713127,108.266,1,0xcaf00370,0,0,31,7394,7394,0,1,0,6,1,0,30,1,2,1,1,0,3
226047,2025-01-31 03:55:48.735019,2.002,8,3126.715129,2.002,7,0xcaf00370,0,0,31,7394,7394,0,1,0,6,1,0,30,1,2,1,1,0,3
227699,2025-01-31 03:55:48.783134,48.114999999999995,8,3126.763244,48.115,1,0xcaf00370,0,0,31,7481,7481,1,1,0,6,1,0,30,1,2,1,1,253,3
227767,2025-01-31 03:55:48.785132,1.9980000000000002,8,3126.765242,1.998,7,0xcaf00370,0,0,31,7481,7481,1,1,0,6,1,0,30,1,2,1,1,253,3
229653,2025-01-31 03:55:48.842879,57.747,8,3126.822989,57.747,1,0xcaf00370,0,0,31,7776,7776,2,1,0,6,1,0,30,1,2,1,1,253,3
229727,2025-01-31 03:55:48.844776,1.897,8,3126.824886,1.897,7,0xcaf00370,0,0,31,7776,7776,2,1,0,6,1,0,30,1,2,1,1,253,3
231332,2025-01-31 03:55:48.892511,47.735,8,3126.872622,47.736,1,0xcaf00370,0,0,31,7865,7865,3,1,0,6,1,0,30,1,2,1,1,253,3
231398,2025-01-31 03:55:48.894454,1.943,8,3126.874564,1.942,7,0xcaf00370,0,0,31,7865,7865,3,1,0,6,1,0,30,1,2,1,1,253,3
233328,2025-01-31 03:55:48.952527,58.073,8,3126.932637,58.073,1,0xcaf00370,0,0,31,1569,9760,0,0,0,6,1,0,25,1,2,1,1,253,3
233385,2025-01-31 03:55:48.954540,2.013,8,3126.934651,2.014,7,0xcaf00370,0,0,31,1569,9760,0,0,0,6,1,0,25,1,2,1,1,253,3
235027,2025-01-31 03:55:49.002794,48.254,8,3126.982904,48.253,1,0xcaf00370,0,0,31,1569,9760,1,1,0,38,1,0,5,2,0,1,9,250,1
235077,2025-01-31 03:55:49.004674,1.88,8,3126.984784,1.88,7,0xcaf00370,0,0,31,1569,9760,1,1,0,38,1,0,5,2,0,1,9,250,1
237015,2025-01-31 03:55:49.062389,57.715,8,3127.042499,57.715,1,0xcaf00370,0,0,31,2011,10202,2,0,0,6,1,0,30,1,2,1,1,0,3
237069,2025-01-31 03:55:49.064533,2.144,8,3127.044643,2.144,7,0xcaf00370,0,0,31,2011,10202,2,0,0,6,1,0,30,1,2,1,1,0,3
238716,2025-01-31 03:55:49.112502,47.969,8,3127.092612,47.969,1,0xcaf00370,0,0,31,2011,10202,3,1,0,39,1,0,0,2,0,0,10,131,0
238806,2025-01-31 03:55:49.114703,2.2009999999999996,8,3127.094813,2.201,7,0xcaf00370,0,0,31,2011,10202,3,1,0,39,1,0,0,2,0,0,10,131,0
240763,2025-01-31 03:55:49.172652,57.949,8,3127.152762,57.949,1,0xcaf00370,0,0,31,2300,10491,0,1,0,6,1,0,30,1,2,1,1,0,3
240820,2025-01-31 03:55:49.174925,2.2729999999999997,8,3127.155036,2.274,7,0xcaf00370,0,0,31,2300,10491,0,1,0,6,1,0,30,1,2,1,1,0,3
242419,2025-01-31 03:55:49.222455,47.53,8,3127.202565,47.529,1,0xcaf00370,0,0,31,2384,10575,1,1,0,6,1,0,30,1,2,1,1,252,3
242476,2025-01-31 03:55:49.224787,2.332,8,3127.204898,2.333,7,0xcaf00370,0,0,31,2384,10575,1,1,0,6,1,0,30,1,2,1,1,252,3
244473,2025-01-31 03:55:49.282409,57.622,8,3127.26252,57.622,1,0xcaf00370,0,0,31,2655,10846,2,1,0,6,1,0,30,1,2,1,1,0,3
244532,2025-01-31 03:55:49.284807,2.398,8,3127.264917,2.397,7,0xcaf00370,0,0,31,2655,10846,2,1,0,6,1,0,30,1,2,1,1,0,3
246086,2025-01-31 03:55:49.332000,47.193,8,3127.31211,47.193,1,0xcaf00370,0,0,31,4157,12348,3,1,0,6,1,0,30,1,2,1,1,1,3
246144,2025-01-31 03:55:49.334542,2.542,8,3127.314652,2.542,7,0xcaf00370,0,0,31,4157,12348,3,1,0,6,1,0,30,1,2,1,1,1,3
248458,2025-01-31 03:55:49.402658,68.116,8,3127.382768,68.116,1,0xcaf00370,0,0,31,4262,12453,0,1,0,6,1,0,30,1,2,1,1,0,3
248526,2025-01-31 03:55:49.405192,2.534,8,3127.385302,2.534,7,0xcaf00370,0,0,31,4262,12453,0,1,0,6,1,0,30,1,2,1,1,0,3
251382,2025-01-31 03:55:49.491559,86.367,8,3127.47167,86.368,1,0xcaf00370,0,0,31,7394,7394,1,1,0,6,1,0,30,1,2,1,1,0,3
251451,2025-01-31 03:55:49.493948,2.3890000000000002,8,3127.474058,2.388,7,0xcaf00370,0,0,31,7394,7394,1,1,0,6,1,0,30,1,2,1,1,0,3
253023,2025-01-31 03:55:49.541866,47.918,8,3127.521976,47.918,1,0xcaf00370,0,0,31,7481,7481,2,1,0,6,1,0,30,1,2,1,1,253,3
253086,2025-01-31 03:55:49.544163,2.297,8,3127.524274,2.298,7,0xcaf00370,0,0,31,7481,7481,2,1,0,6,1,0,30,1,2,1,1,253,3
255459,2025-01-31 03:55:49.612641,68.478,8,3127.592752,68.478,1,0xcaf00370,0,0,31,7776,7776,3,1,0,6,1,0,30,1,2,1,1,253,3
255510,2025-01-31 03:55:49.614771,2.13,8,3127.594881,2.129,7,0xcaf00370,0,0,31,7776,7776,3,1,0,6,1,0,30,1,2,1,1,253,3
257070,2025-01-31 03:55:49.662528,47.757,8,3127.642638,47.757,1,0xcaf00370,0,0,31,7865,7865,0,1,0,6,1,0,30,1,2,1,1,253,3
257128,2025-01-31 03:55:49.664443,1.915,8,3127.644554,1.916,7,0xcaf00370,0,0,31,7865,7865,0,1,0,6,1,0,30,1,2,1,1,253,3
259078,2025-01-31 03:55:49.722625,58.181999999999995,8,3127.702735,58.181,1,0xcaf00370,0,0,31,1569,9760,1,0,0,6,1,0,25,1,2,1,1,253,3
259119,2025-01-31 03:55:49.724492,1.867,8,3127.704602,1.867,7,0xcaf00370,0,0,31,1569,9760,1,0,0,6,1,0,25,1,2,1,1,253,3
260787,2025-01-31 03:55:49.773069,48.577000000000005,8,3127.75318,48.578,1,0xcaf00370,0,0,31,1569,9760,2,1,0,38,1,0,5,2,0,1,9,250,1
260834,2025-01-31 03:55:49.774816,1.747,8,3127.754927,1.747,7,0xcaf00370,0,0,31,1569,9760,2,1,0,38,1,0,5,2,0,1,9,250,1
262693,2025-01-31 03:55:49.832878,58.062000000000005,8,3127.812988,58.061,1,0xcaf00370,0,0,31,2011,10202,3,0,0,6,1,0,30,1,2,1,1,0,3
262743,2025-01-31 03:55:49.834503,1.625,8,3127.814613,1.625,7,0xcaf00370,0,0,31,2011,10202,3,0,0,6,1,0,30,1,2,1,1,0,3
264402,2025-01-31 03:55:49.882981,48.478,8,3127.863091,48.478,1,0xcaf00370,0,0,31,2011,10202,0,1,0,39,1,0,0,2,0,0,10,131,0
264443,2025-01-31 03:55:49.884511,1.5299999999999998,8,3127.864621,1.53,7,0xcaf00370,0,0,31,2011,10202,0,1,0,39,1,0,0,2,0,0,10,131,0
266331,2025-01-31 03:55:49.943451,58.94,8,3127.923561,58.94,1,0xcaf00370,0,0,31,2300,10491,1,1,0,6,1,0,30,1,2,1,1,0,3
266372,2025-01-31 03:55:49.944820,1.369,8,3127.92493,1.369,7,0xcaf00370,0,0,31,2300,10491,1,1,0,6,1,0,30,1,2,1,1,0,3
268020,2025-01-31 03:55:49.993436,48.616,8,3127.973546,48.616,1,0xcaf00370,0,0,31,2384,10575,2,1,0,6,1,0,30,1,2,1,1,252,3
268051,2025-01-31 03:55:49.994656,1.22,8,3127.974766,1.22,7,0xcaf00370,0,0,31,2384,10575,2,1,0,6,1,0,30,1,2,1,1,252,3
270018,2025-01-31 03:55:50.053409,58.753,8,3128.033519,58.753,1,0xcaf00370,0,0,31,2655,10846,3,1,0,6,1,0,30,1,2,1,1,0,3
270042,2025-01-31 03:55:50.054485,1.0759999999999998,8,3128.034596,1.077,7,0xcaf00370,0,0,31,2655,10846,3,1,0,6,1,0,30,1,2,1,1,0,3
271701,2025-01-31 03:55:50.103707,49.222,8,3128.083818,49.222,1,0xcaf00370,0,0,31,4157,12348,0,1,0,6,1,0,30,1,2,1,1,1,3
271724,2025-01-31 03:55:50.104608,0.901,8,3128.084718,0.9,7,0xcaf00370,0,0,31,4157,12348,0,1,0,6,1,0,30,1,2,1,1,1,3
273418,2025-01-31 03:55:50.154004,49.396,8,3128.134114,49.396,1,0xcaf00370,0,0,31,4262,12453,1,1,0,6,1,0,30,1,2,1,1,0,3
273429,2025-01-31 03:55:50.154841,0.837,8,3128.134951,0.837,7,0xcaf00370,0,0,31,4262,12453,1,1,0,6,1,0,30,1,2,1,1,0,3
277033,2025-01-31 03:55:50.263882,109.041,8,3128.243992,109.041,1,0xcaf00370,0,0,31,7394,7394,2,1,0,6,1,0,30,1,2,1,1,0,3
277047,2025-01-31 03:55:50.264463,0.5810000000000001,8,3128.244573,0.581,7,0xcaf00370,0,0,31,7394,7394,2,1,0,6,1,0,30,1,2,1,1,0,3
278697,2025-01-31 03:55:50.313937,49.474,8,3128.294047,49.474,1,0xcaf00370,0,0,31,7481,7481,3,1,0,6,1,0,30,1,2,1,1,253,3
278705,2025-01-31 03:55:50.314411,0.474,8,3128.294522,0.475,7,0xcaf00370,0,0,31,7481,7481,3,1,0,6,1,0,30,1,2,1,1,253,3
281075,2025-01-31 03:55:50.384458,70.047,8,3128.364568,70.046,1,0xcaf00370,0,0,31,7776,7776,0,1,0,6,1,0,30,1,2,1,1,253,3
281083,2025-01-31 03:55:50.384778,0.32,8,3128.364888,0.32,7,0xcaf00370,0,0,31,7776,7776,0,1,0,6,1,0,30,1,2,1,1,253,3
282646,2025-01-31 03:55:50.434241,49.463,8,3128.414351,49.463,1,0xcaf00370,0,0,31,7865,7865,1,1,0,6,1,0,30,1,2,1,1,253,3
282649,2025-01-31 03:55:50.434505,0.264,8,3128.414615,0.264,7,0xcaf00370,0,0,31,7865,7865,1,1,0,6,1,0,30,1,2,1,1,253,3
284363,2025-01-31 03:55:50.484593,50.088,8,3128.464704,50.089,1,0xcaf00370,0,0,31,1569,9760,2,0,0,6,1,0,25,1,2,1,1,253,3
284367,2025-01-31 03:55:50.484793,0.2,8,3128.464903,0.199,7,0xcaf00370,0,0,31,1569,9760,2,0,0,6,1,0,25,1,2,1,1,253,3
285971,2025-01-31 03:55:50.534570,49.777,8,3128.514681,49.778,1,0xcaf00370,0,0,31,1569,9760,3,1,0,38,1,0,5,2,0,1,9,250,1
285973,2025-01-31 03:55:50.534758,0.188,8,3128.514869,0.188,7,0xcaf00370,0,0,31,1569,9760,3,1,0,38,1,0,5,2,0,1,9,250,1
288338,2025-01-31 03:55:50.604568,69.81,8,3128.584678,69.809,1,0xcaf00370,0,0,31,2011,10202,0,0,0,6,1,0,30,1,2,1,1,0,3
288341,2025-01-31 03:55:50.604736,0.16799999999999998,8,3128.584846,0.168,7,0xcaf00370,0,0,31,2011,10202,0,0,0,6,1,0,30,1,2,1,1,0,3
290009,2025-01-31 03:55:50.654339,49.603,8,3128.63445,49.604,1,0xcaf00370,0,0,31,2011,10202,1,1,0,39,1,0,0,2,0,0,10,131,0
290010,2025-01-31 03:55:50.654494,0.155,8,3128.634604,0.154,7,0xcaf00370,0,0,31,2011,10202,1,1,0,39,1,0,0,2,0,0,10,131,0
291659,2025-01-31 03:55:50.704844,50.35,8,3128.684955,50.351,1,0xcaf00370,0,0,31,2300,10491,2,1,0,6,1,0,30,1,2,1,1,0,3
291661,2025-01-31 03:55:50.704986,0.14200000000000002,8,3128.685096,0.141,7,0xcaf00370,0,0,31,2300,10491,2,1,0,6,1,0,30,1,2,1,1,0,3
293338,2025-01-31 03:55:50.754684,49.698,8,3128.734794,49.698,1,0xcaf00370,0,0,31,2384,10575,3,1,0,6,1,0,30,1,2,1,1,252,3
293341,2025-01-31 03:55:50.754813,0.129,8,3128.734924,0.13,7,0xcaf00370,0,0,31,2384,10575,3,1,0,6,1,0,30,1,2,1,1,252,3
295240,2025-01-31 03:55:50.814717,59.903999999999996,8,3128.794827,59.903,1,0xcaf00370,0,0,31,2655,10846,0,1,0,6,1,0,30,1,2,1,1,0,3
295241,2025-01-31 03:55:50.814829,0.112,8,3128.79494,0.113,7,0xcaf00370,0,0,31,2655,10846,0,1,0,6,1,0,30,1,2,1,1,0,3
296930,2025-01-31 03:55:50.864423,49.594,8,3128.844534,49.594,1,0xcaf00370,0,0,31,4157,12348,1,1,0,6,1,0,30,1,2,1,1,1,3
296933,2025-01-31 03:55:50.864522,0.09899999999999999,8,3128.844632,0.098,7,0xcaf00370,0,0,31,4157,12348,1,1,0,6,1,0,30,1,2,1,1,1,3
299218,2025-01-31 03:55:50.934758,70.236,8,3128.914869,70.237,1,0xcaf00370,0,0,31,4262,12453,2,1,0,6,1,0,30,1,2,1,1,0,3
299222,2025-01-31 03:55:50.934838,0.08,8,3128.914949,0.08,7,0xcaf00370,0,0,31,4262,12453,2,1,0,6,1,0,30,1,2,1,1,0,3
302529,2025-01-31 03:55:51.034798,99.96,8,3129.014908,99.959,1,0xcaf00370,0,0,31,7394,7394,3,1,0,6,1,0,30,1,2,1,1,0,3
302532,2025-01-31 03:55:51.034849,0.051,8,3129.014959,0.051,7,0xcaf00370,0,0,31,7394,7394,3,1,0,6,1,0,30,1,2,1,1,0,3
304304,2025-01-31 03:55:51.084750,49.901,8,3129.064861,49.902,1,0xcaf00370,0,0,31,7481,7481,0,1,0,6,1,0,30,1,2,1,1,253,3
304306,2025-01-31 03:55:51.084789,0.039,8,3129.064899,0.038,7,0xcaf00370,0,0,31,7481,7481,0,1,0,6,1,0,30,1,2,1,1,253,3
306255,2025-01-31 03:55:51.144619,59.83,8,3129.124729,59.83,1,0xcaf00370,0,0,31,7776,7776,1,1,0,6,1,0,30,1,2,1,1,253,3
306258,2025-01-31 03:55:51.144643,0.024,8,3129.124753,0.024,7,0xcaf00370,0,0,31,7776,7776,1,1,0,6,1,0,30,1,2,1,1,253,3
307984,2025-01-31 03:55:51.194739,50.096000000000004,8,3129.174849,50.096,1,0xcaf00370,0,0,31,7865,7865,2,1,0,6,1,0,30,1,2,1,1,253,3
307985,2025-01-31 03:55:51.194748,0.009000000000000001,8,3129.174858,0.009,7,0xcaf00370,0,0,31,7865,7865,2,1,0,6,1,0,30,1,2,1,1,253,3
310075,2025-01-31 03:55:51.254673,59.925,8,3129.234783,59.925,7,0xcaf00370,0,0,31,1569,9760,3,0,0,6,1,0,25,1,2,1,1,253,3
310077,2025-01-31 03:55:51.254680,0.007,8,3129.234791,0.008,1,0xcaf00370,0,0,31,1569,9760,3,0,0,6,1,0,25,1,2,1,1,253,3
311708,2025-01-31 03:55:51.304766,50.086,8,3129.284877,50.086,7,0xcaf00370,0,0,31,1569,9760,0,1,0,38,1,0,5,2,0,1,9,250,1
311710,2025-01-31 03:55:51.304862,0.096,8,3129.284972,0.095,1,0xcaf00370,0,0,31,1569,9760,0,1,0,38,1,0,5,2,0,1,9,250,1
313734,2025-01-31 03:55:51.364645,59.783,8,3129.344756,59.784,7,0xcaf00370,0,0,31,2011,10202,1,0,0,6,1,0,30,1,2,1,1,0,3
313736,2025-01-31 03:55:51.364688,0.043000000000000003,8,3129.344799,0.043,1,0xcaf00370,0,0,31,2011,10202,1,0,0,6,1,0,30,1,2,1,1,0,3
315387,2025-01-31 03:55:51.414599,49.910999999999994,8,3129.39471,49.911,7,0xcaf00370,0,0,31,2011,10202,2,1,0,39,1,0,0,2,0,0,10,131,0
315388,2025-01-31 03:55:51.414660,0.061,8,3129.39477,0.06,1,0xcaf00370,0,0,31,2011,10202,2,1,0,39,1,0,0,2,0,0,10,131,0
317712,2025-01-31 03:55:51.485333,70.673,8,3129.465443,70.673,7,0xcaf00370,0,0,31,2300,10491,3,1,0,6,1,0,30,1,2,1,1,0,3
317715,2025-01-31 03:55:51.485394,0.061,8,3129.465504,0.061,1,0xcaf00370,0,0,31,2300,10491,3,1,0,6,1,0,30,1,2,1,1,0,3
319324,2025-01-31 03:55:51.534661,49.266999999999996,8,3129.514772,49.268,7,0xcaf00370,0,0,31,2384,10575,0,1,0,6,1,0,30,1,2,1,1,252,3
319326,2025-01-31 03:55:51.534690,0.029,8,3129.5148,0.028,1,0xcaf00370,0,0,31,2384,10575,0,1,0,6,1,0,30,1,2,1,1,252,3
321686,2025-01-31 03:55:51.605130,70.44,8,3129.58524,70.44,7,0xcaf00370,0,0,31,2655,10846,1,1,0,6,1,0,30,1,2,1,1,0,3
321687,2025-01-31 03:55:51.605174,0.044,8,3129.585285,0.045,1,0xcaf00370,0,0,31,2655,10846,1,1,0,6,1,0,30,1,2,1,1,0,3
323403,2025-01-31 03:55:51.654890,49.716,8,3129.635001,49.716,7,0xcaf00370,0,0,31,4157,12348,2,1,0,6,1,0,30,1,2,1,1,1,3
323404,2025-01-31 03:55:51.654929,0.039,8,3129.63504,0.039,1,0xcaf00370,0,0,31,4157,12348,2,1,0,6,1,0,30,1,2,1,1,1,3
325092,2025-01-31 03:55:51.704814,49.885,8,3129.684924,49.884,7,0xcaf00370,0,0,31,4262,12453,3,1,0,6,1,0,30,1,2,1,1,0,3
325096,2025-01-31 03:55:51.705035,0.221,8,3129.685145,0.221,1,0xcaf00370,0,0,31,4262,12453,3,1,0,6,1,0,30,1,2,1,1,0,3
328382,2025-01-31 03:55:51.804885,99.85,8,3129.784996,99.851,7,0xcaf00370,0,0,31,7394,7394,0,1,0,6,1,0,30,1,2,1,1,0,3
328383,2025-01-31 03:55:51.804919,0.034,8,3129.785029,0.033,1,0xcaf00370,0,0,31,7394,7394,0,1,0,6,1,0,30,1,2,1,1,0,3
330061,2025-01-31 03:55:51.854944,50.025,8,3129.835054,50.025,7,0xcaf00370,0,0,31,7481,7481,1,1,0,6,1,0,30,1,2,1,1,253,3
330062,2025-01-31 03:55:51.854956,0.012,8,3129.835066,0.012,1,0xcaf00370,0,0,31,7481,7481,1,1,0,6,1,0,30,1,2,1,1,253,3
332282,2025-01-31 03:55:51.924693,69.737,8,3129.904803,69.737,7,0xcaf00370,0,0,31,7776,7776,2,1,0,6,1,0,30,1,2,1,1,253,3
332283,2025-01-31 03:55:51.924697,0.004,8,3129.904807,0.004,1,0xcaf00370,0,0,31,7776,7776,2,1,0,6,1,0,30,1,2,1,1,253,3
334017,2025-01-31 03:55:51.974644,49.946999999999996,8,3129.954755,49.948,1,0xcaf00370,0,0,31,7865,7865,3,1,0,6,1,0,30,1,2,1,1,253,3
334018,2025-01-31 03:55:51.974647,0.003,8,3129.954757,0.002,7,0xcaf00370,0,0,31,7865,7865,3,1,0,6,1,0,30,1,2,1,1,253,3
335939,2025-01-31 03:55:52.034702,60.055,8,3130.014813,60.056,1,0xcaf00370,0,0,31,1569,9760,0,0,0,6,1,0,25,1,2,1,1,253,3
335940,2025-01-31 03:55:52.034737,0.034999999999999996,8,3130.014848,0.035,7,0xcaf00370,0,0,31,1569,9760,0,0,0,6,1,0,25,1,2,1,1,253,3
337709,2025-01-31 03:55:52.085225,50.488,8,3130.065336,50.488,1,0xcaf00370,0,0,31,1569,9760,1,1,0,38,1,0,5,2,0,1,9,250,1
337710,2025-01-31 03:55:52.085241,0.016,8,3130.065351,0.015,7,0xcaf00370,0,0,31,1569,9760,1,1,0,38,1,0,5,2,0,1,9,250,1
339645,2025-01-31 03:55:52.144692,59.45099999999999,8,3130.124802,59.451,1,0xcaf00370,0,0,31,2011,10202,2,0,0,6,1,0,30,1,2,1,1,0,3
339648,2025-01-31 03:55:52.144715,0.023,8,3130.124825,0.023,7,0xcaf00370,0,0,31,2011,10202,2,0,0,6,1,0,30,1,2,1,1,0,3
341327,2025-01-31 03:55:52.195330,50.615,8,3130.17544,50.615,1,0xcaf00370,0,0,31,2011,10202,3,1,0,39,1,0,0,2,0,0,10,131,0
341328,2025-01-31 03:55:52.195361,0.031,8,3130.175471,0.031,7,0xcaf00370,0,0,31,2011,10202,3,1,0,39,1,0,0,2,0,0,10,131,0
343639,2025-01-31 03:55:52.264705,69.34400000000001,8,3130.244815,69.344,1,0xcaf00370,0,0,31,2300,10491,0,1,0,6,1,0,30,1,2,1,1,0,3
343642,2025-01-31 03:55:52.264745,0.04,8,3130.244855,0.04,7,0xcaf00370,0,0,31,2300,10491,0,1,0,6,1,0,30,1,2,1,1,0,3
345259,2025-01-31 03:55:52.314806,50.061,8,3130.294916,50.061,1,0xcaf00370,0,0,31,2384,10575,1,1,0,6,1,0,30,1,2,1,1,252,3
345260,2025-01-31 03:55:52.314847,0.041,8,3130.294958,0.042,7,0xcaf00370,0,0,31,2384,10575,1,1,0,6,1,0,30,1,2,1,1,252,3
347308,2025-01-31 03:55:52.375289,60.442,8,3130.3554,60.442,1,0xcaf00370,0,0,31,2655,10846,2,1,0,6,1,0,30,1,2,1,1,0,3
347311,2025-01-31 03:55:52.375334,0.045000000000000005,8,3130.355444,0.044,7,0xcaf00370,0,0,31,2655,10846,2,1,0,6,1,0,30,1,2,1,1,0,3
348814,2025-01-31 03:55:52.424997,49.663,8,3130.405108,49.664,1,0xcaf00370,0,0,31,4157,12348,3,1,0,6,1,0,30,1,2,1,1,1,3
348815,2025-01-31 03:55:52.425047,0.05,8,3130.405157,0.049,7,0xcaf00370,0,0,31,4157,12348,3,1,0,6,1,0,30,1,2,1,1,1,3
350879,2025-01-31 03:55:52.485137,60.089999999999996,8,3130.465247,60.09,1,0xcaf00370,0,0,31,4262,12453,0,1,0,6,1,0,30,1,2,1,1,0,3
350881,2025-01-31 03:55:52.485193,0.056,8,3130.465303,0.056,7,0xcaf00370,0,0,31,4262,12453,0,1,0,6,1,0,30,1,2,1,1,0,3
354553,2025-01-31 03:55:52.595049,109.856,8,3130.57516,109.857,1,0xcaf00370,0,0,31,7394,7394,1,1,0,6,1,0,30,1,2,1,1,0,3
354557,2025-01-31 03:55:52.595118,0.06899999999999999,8,3130.575229,0.069,7,0xcaf00370,0,0,31,7394,7394,1,1,0,6,1,0,30,1,2,1,1,0,3
356119,2025-01-31 03:55:52.644633,49.515,8,3130.624743,49.514,1,0xcaf00370,0,0,31,7481,7481,2,1,0,6,1,0,30,1,2,1,1,253,3
356123,2025-01-31 03:55:52.644705,0.07200000000000001,8,3130.624816,0.073,7,0xcaf00370,0,0,31,7481,7481,2,1,0,6,1,0,30,1,2,1,1,253,3
358159,2025-01-31 03:55:52.704905,60.199999999999996,8,3130.685015,60.199,1,0xcaf00370,0,0,31,7776,7776,3,1,0,6,1,0,30,1,2,1,1,253,3
358161,2025-01-31 03:55:52.704968,0.063,8,3130.685078,0.063,7,0xcaf00370,0,0,31,7776,7776,3,1,0,6,1,0,30,1,2,1,1,253,3
358162,2025-01-31 03:55:52.704968,0.0,8,3130.685078,0.0,7,0xcaf00370,0,0,31,7776,7776,3,1,0,6,1,0,30,1,2,1,1,253,3
359810,2025-01-31 03:55:52.754618,49.65,8,3130.734728,49.65,1,0xcaf00370,0,0,31,7865,7865,0,1,0,6,1,0,30,1,2,1,1,253,3
359812,2025-01-31 03:55:52.754704,0.08600000000000001,8,3130.734814,0.086,7,0xcaf00370,0,0,31,7865,7865,0,1,0,6,1,0,30,1,2,1,1,253,3
362027,2025-01-31 03:55:52.824932,70.228,8,3130.805042,70.228,1,0xcaf00370,0,0,31,1569,9760,1,0,0,6,1,0,25,1,2,1,1,253,3
362029,2025-01-31 03:55:52.825026,0.094,8,3130.805137,0.095,7,0xcaf00370,0,0,31,1569,9760,1,0,0,6,1,0,25,1,2,1,1,253,3
363761,2025-01-31 03:55:52.874870,49.844,8,3130.85498,49.843,1,0xcaf00370,0,0,31,1569,9760,2,1,0,38,1,0,5,2,0,1,9,250,1
363763,2025-01-31 03:55:52.874969,0.09899999999999999,8,3130.855079,0.099,7,0xcaf00370,0,0,31,1569,9760,2,1,0,38,1,0,5,2,0,1,9,250,1
365318,2025-01-31 03:55:52.924928,49.959,8,3130.905039,49.96,1,0xcaf00370,0,0,31,2011,10202,3,0,0,6,1,0,30,1,2,1,1,0,3
365321,2025-01-31 03:55:52.925031,0.103,8,3130.905142,0.103,7,0xcaf00370,0,0,31,2011,10202,3,0,0,6,1,0,30,1,2,1,1,0,3
367071,2025-01-31 03:55:52.974762,49.730999999999995,8,3130.954873,49.731,7,0xcaf00370,0,0,31,2011,10202,0,1,0,39,1,0,0,2,0,0,10,131,0
367074,2025-01-31 03:55:52.974794,0.032,8,3130.954905,0.032,1,0xcaf00370,0,0,31,2011,10202,0,1,0,39,1,0,0,2,0,0,10,131,0
369010,2025-01-31 03:55:53.034653,59.859,8,3131.014764,59.859,1,0xcaf00370,0,0,31,2300,10491,1,1,0,6,1,0,30,1,2,1,1,0,3
369015,2025-01-31 03:55:53.034800,0.147,8,3131.014911,0.147,7,0xcaf00370,0,0,31,2300,10491,1,1,0,6,1,0,30,1,2,1,1,0,3
370801,2025-01-31 03:55:53.085044,50.244,8,3131.065154,50.243,1,0xcaf00370,0,0,31,2384,10575,2,1,0,6,1,0,30,1,2,1,1,252,3
370805,2025-01-31 03:55:53.085166,0.122,8,3131.065276,0.122,7,0xcaf00370,0,0,31,2384,10575,2,1,0,6,1,0,30,1,2,1,1,252,3
373071,2025-01-31 03:55:53.154660,69.494,8,3131.134771,69.495,1,0xcaf00370,0,0,31,2655,10846,3,1,0,6,1,0,30,1,2,1,1,0,3
373072,2025-01-31 03:55:53.154791,0.131,8,3131.134901,0.13,7,0xcaf00370,0,0,31,2655,10846,3,1,0,6,1,0,30,1,2,1,1,0,3
374711,2025-01-31 03:55:53.204951,50.160000000000004,8,3131.185061,50.16,7,0xcaf00370,0,0,31,4157,12348,0,1,0,6,1,0,30,1,2,1,1,1,3
374714,2025-01-31 03:55:53.205054,0.103,8,3131.185164,0.103,1,0xcaf00370,0,0,31,4157,12348,0,1,0,6,1,0,30,1,2,1,1,1,3
376729,2025-01-31 03:55:53.265016,59.962,8,3131.245126,59.962,7,0xcaf00370,0,0,31,4262,12453,1,1,0,6,1,0,30,1,2,1,1,0,3
376734,2025-01-31 03:55:53.265151,0.135,8,3131.245261,0.135,1,0xcaf00370,0,0,31,4262,12453,1,1,0,6,1,0,30,1,2,1,1,0,3
380398,2025-01-31 03:55:53.375359,110.208,8,3131.35547,110.209,1,0xcaf00370,0,0,31,7394,7394,2,1,0,6,1,0,30,1,2,1,1,0,3
380404,2025-01-31 03:55:53.375499,0.13999999999999999,8,3131.35561,0.14,7,0xcaf00370,0,0,31,7394,7394,2,1,0,6,1,0,30,1,2,1,1,0,3
381970,2025-01-31 03:55:53.424614,49.115,8,3131.404724,49.114,1,0xcaf00370,0,0,31,7481,7481,3,1,0,6,1,0,30,1,2,1,1,253,3
381973,2025-01-31 03:55:53.424754,0.13999999999999999,8,3131.404864,0.14,7,0xcaf00370,0,0,31,7481,7481,3,1,0,6,1,0,30,1,2,1,1,253,3
384356,2025-01-31 03:55:53.495083,70.32900000000001,8,3131.475194,70.33,1,0xcaf00370,0,0,31,7776,7776,0,1,0,6,1,0,30,1,2,1,1,253,3
384360,2025-01-31 03:55:53.495219,0.136,8,3131.475329,0.135,7,0xcaf00370,0,0,31,7776,7776,0,1,0,6,1,0,30,1,2,1,1,253,3
385970,2025-01-31 03:55:53.546157,50.937999999999995,8,3131.526267,50.938,7,0xcaf00370,0,0,31,7865,7865,1,1,0,6,1,0,30,1,2,1,1,253,3
385972,2025-01-31 03:55:53.546217,0.060000000000000005,8,3131.526327,0.06,1,0xcaf00370,0,0,31,7865,7865,1,1,0,6,1,0,30,1,2,1,1,253,3
388012,2025-01-31 03:55:53.605243,59.026,8,3131.585354,59.027,7,0xcaf00370,0,0,31,1569,9760,2,0,0,6,1,0,25,1,2,1,1,253,3
388020,2025-01-31 03:55:53.605433,0.19,8,3131.585543,0.189,1,0xcaf00370,0,0,31,1569,9760,2,0,0,6,1,0,25,1,2,1,1,253,3
389678,2025-01-31 03:55:53.654997,49.564,8,3131.635107,49.564,7,0xcaf00370,0,0,31,1569,9760,3,1,0,38,1,0,5,2,0,1,9,250,1
389680,2025-01-31 03:55:53.655093,0.096,8,3131.635204,0.097,1,0xcaf00370,0,0,31,1569,9760,3,1,0,38,1,0,5,2,0,1,9,250,1
391322,2025-01-31 03:55:53.704977,49.884,8,3131.685087,49.883,1,0xcaf00370,0,0,31,2011,10202,0,0,0,6,1,0,30,1,2,1,1,0,3
391323,2025-01-31 03:55:53.704997,0.02,8,3131.685107,0.02,7,0xcaf00370,0,0,31,2011,10202,0,0,0,6,1,0,30,1,2,1,1,0,3
393003,2025-01-31 03:55:53.755090,50.092999999999996,8,3131.7352,50.093,1,0xcaf00370,0,0,31,2011,10202,1,1,0,39,1,0,0,2,0,0,10,131,0
393005,2025-01-31 03:55:53.755128,0.038,8,3131.735239,0.039,7,0xcaf00370,0,0,31,2011,10202,1,1,0,39,1,0,0,2,0,0,10,131,0
394958,2025-01-31 03:55:53.815069,59.941,8,3131.79518,59.941,7,0xcaf00370,0,0,31,2300,10491,2,1,0,6,1,0,30,1,2,1,1,0,3
394965,2025-01-31 03:55:53.815197,0.128,8,3131.795308,0.128,1,0xcaf00370,0,0,31,2300,10491,2,1,0,6,1,0,30,1,2,1,1,0,3
396608,2025-01-31 03:55:53.865151,49.954,8,3131.845262,49.954,7,0xcaf00370,0,0,31,2384,10575,3,1,0,6,1,0,30,1,2,1,1,252,3
396619,2025-01-31 03:55:53.865373,0.222,8,3131.845484,0.222,1,0xcaf00370,0,0,31,2384,10575,3,1,0,6,1,0,30,1,2,1,1,252,3
398534,2025-01-31 03:55:53.924674,59.301,8,3131.904784,59.3,1,0xcaf00370,0,0,31,2655,10846,0,1,0,6,1,0,30,1,2,1,1,0,3
398538,2025-01-31 03:55:53.924756,0.082,8,3131.904866,0.082,7,0xcaf00370,0,0,31,2655,10846,0,1,0,6,1,0,30,1,2,1,1,0,3
400298,2025-01-31 03:55:53.975133,50.376999999999995,8,3131.955244,50.378,1,0xcaf00370,0,0,31,4157,12348,1,1,0,6,1,0,30,1,2,1,1,1,3
400310,2025-01-31 03:55:53.975449,0.316,8,3131.95556,0.316,7,0xcaf00370,0,0,31,4157,12348,1,1,0,6,1,0,30,1,2,1,1,1,3
401902,2025-01-31 03:55:54.024748,49.299,8,3132.004858,49.298,7,0xcaf00370,0,0,31,4262,12453,2,1,0,6,1,0,30,1,2,1,1,0,3
401903,2025-01-31 03:55:54.024753,0.005,8,3132.004863,0.005,1,0xcaf00370,0,0,31,4262,12453,2,1,0,6,1,0,30,1,2,1,1,0,3
405580,2025-01-31 03:55:54.135073,110.32000000000001,8,3132.115183,110.32,1,0xcaf00370,0,0,31,7394,7394,3,1,0,6,1,0,30,1,2,1,1,0,3
405585,2025-01-31 03:55:54.135170,0.097,8,3132.11528,0.097,7,0xcaf00370,0,0,31,7394,7394,3,1,0,6,1,0,30,1,2,1,1,0,3
407297,2025-01-31 03:55:54.184689,49.519,8,3132.164799,49.519,1,0xcaf00370,0,0,31,7481,7481,0,1,0,6,1,0,30,1,2,1,1,253,3
407305,2025-01-31 03:55:54.184900,0.211,8,3132.16501,0.211,7,0xcaf00370,0,0,31,7481,7481,0,1,0,6,1,0,30,1,2,1,1,253,3
409347,2025-01-31 03:55:54.244670,59.769999999999996,8,3132.22478,59.77,1,0xcaf00370,0,0,31,7776,7776,1,1,0,6,1,0,30,1,2,1,1,253,3
409359,2025-01-31 03:55:54.244976,0.306,8,3132.225086,0.306,7,0xcaf00370,0,0,31,7776,7776,1,1,0,6,1,0,30,1,2,1,1,253,3
411071,2025-01-31 03:55:54.295119,50.143,8,3132.275229,50.143,1,0xcaf00370,0,0,31,7865,7865,2,1,0,6,1,0,30,1,2,1,1,253,3
411082,2025-01-31 03:55:54.295339,0.22,8,3132.27545,0.221,7,0xcaf00370,0,0,31,7865,7865,2,1,0,6,1,0,30,1,2,1,1,253,3
413014,2025-01-31 03:55:54.354952,59.613,8,3132.335062,59.612,1,0xcaf00370,0,0,31,1569,9760,3,0,0,6,1,0,25,1,2,1,1,253,3
413025,2025-01-31 03:55:54.355268,0.316,8,3132.335378,0.316,7,0xcaf00370,0,0,31,1569,9760,3,0,0,6,1,0,25,1,2,1,1,253,3
414652,2025-01-31 03:55:54.405289,50.021,8,3132.3854,50.022,1,0xcaf00370,0,0,31,1569,9760,0,1,0,38,1,0,5,2,0,1,9,250,1
414658,2025-01-31 03:55:54.405418,0.129,8,3132.385528,0.128,7,0xcaf00370,0,0,31,1569,9760,0,1,0,38,1,0,5,2,0,1,9,250,1
416949,2025-01-31 03:55:54.474930,69.512,8,3132.45504,69.512,1,0xcaf00370,0,0,31,2011,10202,1,0,0,6,1,0,30,1,2,1,1,0,3
416950,2025-01-31 03:55:54.474979,0.049,8,3132.455089,0.049,7,0xcaf00370,0,0,31,2011,10202,1,0,0,6,1,0,30,1,2,1,1,0,3
418540,2025-01-31 03:55:54.524675,49.696,8,3132.504786,49.697,1,0xcaf00370,0,0,31,2011,10202,2,1,0,39,1,0,0,2,0,0,10,131,0
418543,2025-01-31 03:55:54.524719,0.044,8,3132.50483,0.044,7,0xcaf00370,0,0,31,2011,10202,2,1,0,39,1,0,0,2,0,0,10,131,0
421004,2025-01-31 03:55:54.595138,70.419,8,3132.575248,70.418,1,0xcaf00370,0,0,31,2300,10491,3,1,0,6,1,0,30,1,2,1,1,0,3
421005,2025-01-31 03:55:54.595185,0.047,8,3132.575296,0.048,7,0xcaf00370,0,0,31,2300,10491,3,1,0,6,1,0,30,1,2,1,1,0,3
422632,2025-01-31 03:55:54.644951,49.766,8,3132.625061,49.765,1,0xcaf00370,0,0,31,2384,10575,0,1,0,6,1,0,30,1,2,1,1,252,3
422633,2025-01-31 03:55:54.644975,0.024,8,3132.625085,0.024,7,0xcaf00370,0,0,31,2384,10575,0,1,0,6,1,0,30,1,2,1,1,252,3
424361,2025-01-31 03:55:54.694868,49.893,8,3132.674979,49.894,1,0xcaf00370,0,0,31,2655,10846,1,1,0,6,1,0,30,1,2,1,1,0,3
424362,2025-01-31 03:55:54.694885,0.017,8,3132.674996,0.017,7,0xcaf00370,0,0,31,2655,10846,1,1,0,6,1,0,30,1,2,1,1,0,3
425965,2025-01-31 03:55:54.744937,50.052,8,3132.725048,50.052,1,0xcaf00370,0,0,31,4157,12348,2,1,0,6,1,0,30,1,2,1,1,1,3
425966,2025-01-31 03:55:54.744946,0.009000000000000001,8,3132.725057,0.009,7,0xcaf00370,0,0,31,4157,12348,2,1,0,6,1,0,30,1,2,1,1,1,3
428288,2025-01-31 03:55:54.814752,69.80600000000001,8,3132.794862,69.805,1,0xcaf00370,0,0,31,4262,12453,3,1,0,6,1,0,30,1,2,1,1,0,3
428289,2025-01-31 03:55:54.814754,0.002,8,3132.794864,0.002,7,0xcaf00370,0,0,31,4262,12453,3,1,0,6,1,0,30,1,2,1,1,0,3
431566,2025-01-31 03:55:54.915007,100.253,8,3132.895117,100.253,7,0xcaf00370,0,0,31,7394,7394,0,1,0,6,1,0,30,1,2,1,1,0,3
431568,2025-01-31 03:55:54.915021,0.014,8,3132.895132,0.015,1,0xcaf00370,0,0,31,7394,7394,0,1,0,6,1,0,30,1,2,1,1,0,3
433192,2025-01-31 03:55:54.964666,49.645,8,3132.944777,49.645,7,0xcaf00370,0,0,31,7481,7481,1,1,0,6,1,0,30,1,2,1,1,253,3
433193,2025-01-31 03:55:54.964687,0.020999999999999998,8,3132.944797,0.02,1,0xcaf00370,0,0,31,7481,7481,1,1,0,6,1,0,30,1,2,1,1,253,3
435191,2025-01-31 03:55:55.024680,59.992999999999995,8,3133.00479,59.993,7,0xcaf00370,0,0,31,7776,7776,2,1,0,6,1,0,30,1,2,1,1,253,3
435193,2025-01-31 03:55:55.024710,0.030000000000000002,8,3133.00482,0.03,1,0xcaf00370,0,0,31,7776,7776,2,1,0,6,1,0,30,1,2,1,1,253,3
436965,2025-01-31 03:55:55.075183,50.473,8,3133.055294,50.474,7,0xcaf00370,0,0,31,7865,7865,3,1,0,6,1,0,30,1,2,1,1,253,3
436967,2025-01-31 03:55:55.075221,0.038,8,3133.055332,0.038,1,0xcaf00370,0,0,31,7865,7865,3,1,0,6,1,0,30,1,2,1,1,253,3
438860,2025-01-31 03:55:55.134742,59.521,8,3133.114853,59.521,7,0xcaf00370,0,0,31,1569,9760,0,0,0,6,1,0,25,1,2,1,1,253,3
438861,2025-01-31 03:55:55.134788,0.046,8,3133.114898,0.045,1,0xcaf00370,0,0,31,1569,9760,0,0,0,6,1,0,25,1,2,1,1,253,3
440575,2025-01-31 03:55:55.184671,49.882999999999996,8,3133.164781,49.883,7,0xcaf00370,0,0,31,1569,9760,1,1,0,38,1,0,5,2,0,1,9,250,1
440576,2025-01-31 03:55:55.184726,0.055,8,3133.164837,0.056,1,0xcaf00370,0,0,31,1569,9760,1,1,0,38,1,0,5,2,0,1,9,250,1
442562,2025-01-31 03:55:55.244671,59.945,8,3133.224781,59.944,7,0xcaf00370,0,0,31,2011,10202,2,0,0,6,1,0,30,1,2,1,1,0,3
442564,2025-01-31 03:55:55.244733,0.062,8,3133.224843,0.062,1,0xcaf00370,0,0,31,2011,10202,2,0,0,6,1,0,30,1,2,1,1,0,3
444276,2025-01-31 03:55:55.295132,50.399,8,3133.275242,50.399,7,0xcaf00370,0,0,31,2011,10202,3,1,0,39,1,0,0,2,0,0,10,131,0
444279,2025-01-31 03:55:55.295201,0.06899999999999999,8,3133.275312,0.07,1,0xcaf00370,0,0,31,2011,10202,3,1,0,39,1,0,0,2,0,0,10,131,0
446209,2025-01-31 03:55:55.354952,59.751,8,3133.335062,59.75,7,0xcaf00370,0,0,31,2300,10491,0,1,0,6,1,0,30,1,2,1,1,0,3
446210,2025-01-31 03:55:55.355029,0.077,8,3133.335139,0.077,1,0xcaf00370,0,0,31,2300,10491,0,1,0,6,1,0,30,1,2,1,1,0,3
447857,2025-01-31 03:55:55.404847,49.818,8,3133.384957,49.818,7,0xcaf00370,0,0,31,2384,10575,1,1,0,6,1,0,30,1,2,1,1,252,3
447862,2025-01-31 03:55:55.404993,0.146,8,3133.385103,0.146,1,0xcaf00370,0,0,31,2384,10575,1,1,0,6,1,0,30,1,2,1,1,252,3
449818,2025-01-31 03:55:55.465319,60.326,8,3133.445429,60.326,7,0xcaf00370,0,0,31,2655,10846,2,1,0,6,1,0,30,1,2,1,1,0,3
449820,2025-01-31 03:55:55.465405,0.08600000000000001,8,3133.445515,0.086,1,0xcaf00370,0,0,31,2655,10846,2,1,0,6,1,0,30,1,2,1,1,0,3
451434,2025-01-31 03:55:55.514668,49.263,8,3133.494778,49.263,7,0xcaf00370,0,0,31,4157,12348,3,1,0,6,1,0,30,1,2,1,1,1,3
451436,2025-01-31 03:55:55.514754,0.08600000000000001,8,3133.494864,0.086,1,0xcaf00370,0,0,31,4157,12348,3,1,0,6,1,0,30,1,2,1,1,1,3
453529,2025-01-31 03:55:55.575011,60.257,8,3133.555122,60.258,7,0xcaf00370,0,0,31,4262,12453,0,1,0,6,1,0,30,1,2,1,1,0,3
453534,2025-01-31 03:55:55.575096,0.085,8,3133.555206,0.084,1,0xcaf00370,0,0,31,4262,12453,0,1,0,6,1,0,30,1,2,1,1,0,3
456859,2025-01-31 03:55:55.675098,100.002,8,3133.655208,100.002,7,0xcaf00370,0,0,31,7394,7394,1,1,0,6,1,0,30,1,2,1,1,0,3
456860,2025-01-31 03:55:55.675178,0.08,8,3133.655289,0.081,1,0xcaf00370,0,0,31,7394,7394,1,1,0,6,1,0,30,1,2,1,1,0,3
458422,2025-01-31 03:55:55.724907,49.729,8,3133.705018,49.729,7,0xcaf00370,0,0,31,7481,7481,2,1,0,6,1,0,30,1,2,1,1,253,3
458425,2025-01-31 03:55:55.724986,0.079,8,3133.705096,0.078,1,0xcaf00370,0,0,31,7481,7481,2,1,0,6,1,0,30,1,2,1,1,253,3
460804,2025-01-31 03:55:55.794838,69.852,8,3133.774948,69.852,7,0xcaf00370,0,0,31,7776,7776,3,1,0,6,1,0,30,1,2,1,1,253,3
460806,2025-01-31 03:55:55.794915,0.077,8,3133.775025,0.077,1,0xcaf00370,0,0,31,7776,7776,3,1,0,6,1,0,30,1,2,1,1,253,3
462376,2025-01-31 03:55:55.844605,49.69,8,3133.824716,49.691,7,0xcaf00370,0,0,31,7865,7865,0,1,0,6,1,0,30,1,2,1,1,253,3
462379,2025-01-31 03:55:55.844681,0.076,8,3133.824791,0.075,1,0xcaf00370,0,0,31,7865,7865,0,1,0,6,1,0,30,1,2,1,1,253,3
464383,2025-01-31 03:55:55.904880,60.199000000000005,8,3133.88499,60.199,7,0xcaf00370,0,0,31,1569,9760,1,0,0,6,1,0,25,1,2,1,1,253,3
464389,2025-01-31 03:55:55.905078,0.19799999999999998,8,3133.885188,0.198,1,0xcaf00370,0,0,31,1569,9760,1,0,0,6,1,0,25,1,2,1,1,253,3
466022,2025-01-31 03:55:55.954691,49.613,8,3133.934802,49.614,1,0xcaf00370,0,0,31,1569,9760,2,1,0,38,1,0,5,2,0,1,9,250,1
466023,2025-01-31 03:55:55.954707,0.016,8,3133.934818,0.016,7,0xcaf00370,0,0,31,1569,9760,2,1,0,38,1,0,5,2,0,1,9,250,1
467735,2025-01-31 03:55:56.006086,51.379,8,3133.986197,51.379,7,0xcaf00370,0,0,31,2011,10202,3,0,0,6,1,0,30,1,2,1,1,0,3
467740,2025-01-31 03:55:56.006158,0.07200000000000001,8,3133.986268,0.071,1,0xcaf00370,0,0,31,2011,10202,3,0,0,6,1,0,30,1,2,1,1,0,3
469346,2025-01-31 03:55:56.054650,48.492,8,3134.034761,48.493,7,0xcaf00370,0,0,31,2011,10202,0,1,0,39,1,0,0,2,0,0,10,131,0
469350,2025-01-31 03:55:56.054718,0.068,8,3134.034828,0.067,1,0xcaf00370,0,0,31,2011,10202,0,1,0,39,1,0,0,2,0,0,10,131,0
471413,2025-01-31 03:55:56.114892,60.174,8,3134.095002,60.174,7,0xcaf00370,0,0,31,2300,10491,1,1,0,6,1,0,30,1,2,1,1,0,3
471416,2025-01-31 03:55:56.114958,0.066,8,3134.095068,0.066,1,0xcaf00370,0,0,31,2300,10491,1,1,0,6,1,0,30,1,2,1,1,0,3
473015,2025-01-31 03:55:56.164616,49.658,8,3134.144726,49.658,7,0xcaf00370,0,0,31,2384,10575,2,1,0,6,1,0,30,1,2,1,1,252,3
473017,2025-01-31 03:55:56.164681,0.06499999999999999,8,3134.144792,0.066,1,0xcaf00370,0,0,31,2384,10575,2,1,0,6,1,0,30,1,2,1,1,252,3
475446,2025-01-31 03:55:56.235148,70.467,8,3134.215259,70.467,7,0xcaf00370,0,0,31,2655,10846,3,1,0,6,1,0,30,1,2,1,1,0,3
475448,2025-01-31 03:55:56.235213,0.06499999999999999,8,3134.215323,0.064,1,0xcaf00370,0,0,31,2655,10846,3,1,0,6,1,0,30,1,2,1,1,0,3
477185,2025-01-31 03:55:56.284739,49.526,8,3134.26485,49.527,7,0xcaf00370,0,0,31,4157,12348,0,1,0,6,1,0,30,1,2,1,1,1,3
477186,2025-01-31 03:55:56.284801,0.062,8,3134.264911,0.061,1,0xcaf00370,0,0,31,4157,12348,0,1,0,6,1,0,30,1,2,1,1,1,3
478834,2025-01-31 03:55:56.335144,50.342999999999996,8,3134.315254,50.343,7,0xcaf00370,0,0,31,4262,12453,1,1,0,6,1,0,30,1,2,1,1,0,3
478836,2025-01-31 03:55:56.335200,0.056,8,3134.31531,0.056,1,0xcaf00370,0,0,31,4262,12453,1,1,0,6,1,0,30,1,2,1,1,0,3
482502,2025-01-31 03:55:56.444643,109.443,8,3134.424753,109.443,7,0xcaf00370,0,0,31,7394,7394,2,1,0,6,1,0,30,1,2,1,1,0,3
482503,2025-01-31 03:55:56.444698,0.055,8,3134.424808,0.055,1,0xcaf00370,0,0,31,7394,7394,2,1,0,6,1,0,30,1,2,1,1,0,3
484246,2025-01-31 03:55:56.495063,50.365,8,3134.475173,50.365,7,0xcaf00370,0,0,31,7481,7481,3,1,0,6,1,0,30,1,2,1,1,253,3
484251,2025-01-31 03:55:56.495126,0.063,8,3134.475237,0.064,1,0xcaf00370,0,0,31,7481,7481,3,1,0,6,1,0,30,1,2,1,1,253,3
486175,2025-01-31 03:55:56.554890,59.763999999999996,8,3134.535001,59.764,7,0xcaf00370,0,0,31,7776,7776,0,1,0,6,1,0,30,1,2,1,1,253,3
486177,2025-01-31 03:55:56.554964,0.074,8,3134.535075,0.074,1,0xcaf00370,0,0,31,7776,7776,0,1,0,6,1,0,30,1,2,1,1,253,3
487911,2025-01-31 03:55:56.605103,50.139,8,3134.585213,50.138,7,0xcaf00370,0,0,31,7865,7865,1,1,0,6,1,0,30,1,2,1,1,253,3
487913,2025-01-31 03:55:56.605190,0.087,8,3134.5853,0.087,1,0xcaf00370,0,0,31,7865,7865,1,1,0,6,1,0,30,1,2,1,1,253,3
489832,2025-01-31 03:55:56.664908,59.718,8,3134.645019,59.719,7,0xcaf00370,0,0,31,1569,9760,2,0,0,6,1,0,25,1,2,1,1,253,3
489835,2025-01-31 03:55:56.665005,0.097,8,3134.645115,0.096,1,0xcaf00370,0,0,31,1569,9760,2,0,0,6,1,0,25,1,2,1,1,253,3
491602,2025-01-31 03:55:56.714599,49.594,8,3134.694709,49.594,7,0xcaf00370,0,0,31,1569,9760,3,1,0,38,1,0,5,2,0,1,9,250,1
491604,2025-01-31 03:55:56.714704,0.10500000000000001,8,3134.694815,0.106,1,0xcaf00370,0,0,31,1569,9760,3,1,0,38,1,0,5,2,0,1,9,250,1
493963,2025-01-31 03:55:56.785630,70.926,8,3134.76574,70.925,7,0xcaf00370,0,0,31,2011,10202,0,0,0,6,1,0,30,1,2,1,1,0,3
493978,2025-01-31 03:55:56.786142,0.512,8,3134.766252,0.512,1,0xcaf00370,0,0,31,2011,10202,0,0,0,6,1,0,30,1,2,1,1,0,3
495504,2025-01-31 03:55:56.834696,48.554,8,3134.814806,48.554,7,0xcaf00370,0,0,31,2011,10202,1,1,0,39,1,0,0,2,0,0,10,131,0
495507,2025-01-31 03:55:56.834805,0.10900000000000001,8,3134.814915,0.109,1,0xcaf00370,0,0,31,2011,10202,1,1,0,39,1,0,0,2,0,0,10,131,0
497259,2025-01-31 03:55:56.885680,50.875,8,3134.86579,50.875,1,0xcaf00370,0,0,31,2300,10491,2,1,0,6,1,0,30,1,2,1,1,0,3
497264,2025-01-31 03:55:56.885826,0.146,8,3134.865937,0.147,7,0xcaf00370,0,0,31,2300,10491,2,1,0,6,1,0,30,1,2,1,1,0,3
498801,2025-01-31 03:55:56.934685,48.859,8,3134.914796,48.859,7,0xcaf00370,0,0,31,2384,10575,3,1,0,6,1,0,30,1,2,1,1,252,3
498808,2025-01-31 03:55:56.934834,0.149,8,3134.914944,0.148,1,0xcaf00370,0,0,31,2384,10575,3,1,0,6,1,0,30,1,2,1,1,252,3
500890,2025-01-31 03:55:56.994653,59.818999999999996,8,3134.974763,59.819,7,0xcaf00370,0,0,31,2655,10846,0,1,0,6,1,0,30,1,2,1,1,0,3
500893,2025-01-31 03:55:56.994814,0.161,8,3134.974924,0.161,1,0xcaf00370,0,0,31,2655,10846,0,1,0,6,1,0,30,1,2,1,1,0,3
502482,2025-01-31 03:55:57.044567,49.753,8,3135.024678,49.754,7,0xcaf00370,0,0,31,4157,12348,1,1,0,6,1,0,30,1,2,1,1,1,3
502487,2025-01-31 03:55:57.044738,0.171,8,3135.024848,0.17,1,0xcaf00370,0,0,31,4157,12348,1,1,0,6,1,0,30,1,2,1,1,1,3
504553,2025-01-31 03:55:57.104820,60.082,8,3135.084931,60.083,7,0xcaf00370,0,0,31,4262,12453,2,1,0,6,1,0,30,1,2,1,1,0,3
504559,2025-01-31 03:55:57.105163,0.34299999999999997,8,3135.085273,0.342,1,0xcaf00370,0,0,31,4262,12453,2,1,0,6,1,0,30,1,2,1,1,0,3
508250,2025-01-31 03:55:57.214864,109.70100000000001,8,3135.194975,109.702,7,0xcaf00370,0,0,31,7394,7394,3,1,0,6,1,0,30,1,2,1,1,0,3
508255,2025-01-31 03:55:57.215067,0.203,8,3135.195178,0.203,1,0xcaf00370,0,0,31,7394,7394,3,1,0,6,1,0,30,1,2,1,1,0,3
509958,2025-01-31 03:55:57.264756,49.689,8,3135.244867,49.689,7,0xcaf00370,0,0,31,7481,7481,0,1,0,6,1,0,30,1,2,1,1,253,3
509959,2025-01-31 03:55:57.264798,0.041999999999999996,8,3135.244908,0.041,1,0xcaf00370,0,0,31,7481,7481,0,1,0,6,1,0,30,1,2,1,1,253,3
511962,2025-01-31 03:55:57.324617,59.818999999999996,8,3135.304728,59.82,7,0xcaf00370,0,0,31,7776,7776,1,1,0,6,1,0,30,1,2,1,1,253,3
511965,2025-01-31 03:55:57.324827,0.21000000000000002,8,3135.304937,0.209,1,0xcaf00370,0,0,31,7776,7776,1,1,0,6,1,0,30,1,2,1,1,253,3
513685,2025-01-31 03:55:57.374839,50.012,8,3135.354949,50.012,7,0xcaf00370,0,0,31,7865,7865,2,1,0,6,1,0,30,1,2,1,1,253,3
513690,2025-01-31 03:55:57.375049,0.21000000000000002,8,3135.355159,0.21,1,0xcaf00370,0,0,31,7865,7865,2,1,0,6,1,0,30,1,2,1,1,253,3
516001,2025-01-31 03:55:57.444917,69.868,8,3135.425028,69.869,7,0xcaf00370,0,0,31,1569,9760,3,0,0,6,1,0,25,1,2,1,1,253,3
516004,2025-01-31 03:55:57.445128,0.211,8,3135.425239,0.211,1,0xcaf00370,0,0,31,1569,9760,3,0,0,6,1,0,25,1,2,1,1,253,3
517710,2025-01-31 03:55:57.494803,49.675,8,3135.474914,49.675,7,0xcaf00370,0,0,31,1569,9760,0,1,0,38,1,0,5,2,0,1,9,250,1
517714,2025-01-31 03:55:57.495008,0.205,8,3135.475118,0.204,1,0xcaf00370,0,0,31,1569,9760,0,1,0,38,1,0,5,2,0,1,9,250,1
519655,2025-01-31 03:55:57.554669,59.661,8,3135.53478,59.662,7,0xcaf00370,0,0,31,2011,10202,1,0,0,6,1,0,30,1,2,1,1,0,3
519660,2025-01-31 03:55:57.554866,0.19699999999999998,8,3135.534976,0.196,1,0xcaf00370,0,0,31,2011,10202,1,0,0,6,1,0,30,1,2,1,1,0,3
521407,2025-01-31 03:55:57.604859,49.993,8,3135.584969,49.993,7,0xcaf00370,0,0,31,2011,10202,2,1,0,39,1,0,0,2,0,0,10,131,0
521413,2025-01-31 03:55:57.605109,0.25,8,3135.585219,0.25,1,0xcaf00370,0,0,31,2011,10202,2,1,0,39,1,0,0,2,0,0,10,131,0
523113,2025-01-31 03:55:57.654954,49.845,8,3135.635065,49.846,7,0xcaf00370,0,0,31,2300,10491,3,1,0,6,1,0,30,1,2,1,1,0,3
523120,2025-01-31 03:55:57.655127,0.17300000000000001,8,3135.635238,0.173,1,0xcaf00370,0,0,31,2300,10491,3,1,0,6,1,0,30,1,2,1,1,0,3
524818,2025-01-31 03:55:57.705379,50.251999999999995,8,3135.685489,50.251,7,0xcaf00370,0,0,31,2384,10575,0,1,0,6,1,0,30,1,2,1,1,252,3
524822,2025-01-31 03:55:57.705453,0.074,8,3135.685563,0.074,1,0xcaf00370,0,0,31,2384,10575,0,1,0,6,1,0,30,1,2,1,1,252,3
527130,2025-01-31 03:55:57.775106,69.653,8,3135.755217,69.654,7,0xcaf00370,0,0,31,2655,10846,1,1,0,6,1,0,30,1,2,1,1,0,3
527139,2025-01-31 03:55:57.775273,0.16699999999999998,8,3135.755384,0.167,1,0xcaf00370,0,0,31,2655,10846,1,1,0,6,1,0,30,1,2,1,1,0,3
528731,2025-01-31 03:55:57.824693,49.42,8,3135.804804,49.42,7,0xcaf00370,0,0,31,4157,12348,2,1,0,6,1,0,30,1,2,1,1,1,3
528737,2025-01-31 03:55:57.824856,0.163,8,3135.804967,0.163,1,0xcaf00370,0,0,31,4157,12348,2,1,0,6,1,0,30,1,2,1,1,1,3
530437,2025-01-31 03:55:57.875818,50.962,8,3135.855928,50.961,7,0xcaf00370,0,0,31,4262,12453,3,1,0,6,1,0,30,1,2,1,1,0,3
530452,2025-01-31 03:55:57.876078,0.25999999999999995,8,3135.856188,0.26,1,0xcaf00370,0,0,31,4262,12453,3,1,0,6,1,0,30,1,2,1,1,0,3
534439,2025-01-31 03:55:57.995327,119.249,8,3135.975437,119.249,1,0xcaf00370,0,0,31,7394,7394,0,1,0,6,1,0,30,1,2,1,1,0,3
534444,2025-01-31 03:55:57.995445,0.118,8,3135.975556,0.119,7,0xcaf00370,0,0,31,7394,7394,0,1,0,6,1,0,30,1,2,1,1,0,3
536014,2025-01-31 03:55:58.045144,49.699,8,3136.025255,49.699,7,0xcaf00370,0,0,31,7481,7481,1,1,0,6,1,0,30,1,2,1,1,253,3
536015,2025-01-31 03:55:58.045152,0.008,8,3136.025263,0.008,1,0xcaf00370,0,0,31,7481,7481,1,1,0,6,1,0,30,1,2,1,1,253,3
537809,2025-01-31 03:55:58.094960,49.808,8,3136.075071,49.808,7,0xcaf00370,0,0,31,7776,7776,2,1,0,6,1,0,30,1,2,1,1,253,3
537815,2025-01-31 03:55:58.095087,0.127,8,3136.075198,0.127,1,0xcaf00370,0,0,31,7776,7776,2,1,0,6,1,0,30,1,2,1,1,253,3
539410,2025-01-31 03:55:58.144979,49.891999999999996,8,3136.12509,49.892,7,0xcaf00370,0,0,31,7865,7865,3,1,0,6,1,0,30,1,2,1,1,253,3
539412,2025-01-31 03:55:58.145100,0.121,8,3136.12521,0.12,1,0xcaf00370,0,0,31,7865,7865,3,1,0,6,1,0,30,1,2,1,1,253,3
541403,2025-01-31 03:55:58.205255,60.155,8,3136.185365,60.155,7,0xcaf00370,0,0,31,1569,9760,0,0,0,6,1,0,25,1,2,1,1,253,3
541406,2025-01-31 03:55:58.205368,0.11299999999999999,8,3136.185478,0.113,1,0xcaf00370,0,0,31,1569,9760,0,0,0,6,1,0,25,1,2,1,1,253,3
543073,2025-01-31 03:55:58.254750,49.382000000000005,8,3136.234861,49.383,7,0xcaf00370,0,0,31,1569,9760,1,1,0,38,1,0,5,2,0,1,9,250,1
543075,2025-01-31 03:55:58.254857,0.107,8,3136.234967,0.106,1,0xcaf00370,0,0,31,1569,9760,1,1,0,38,1,0,5,2,0,1,9,250,1
545073,2025-01-31 03:55:58.314806,59.949000000000005,8,3136.294916,59.949,7,0xcaf00370,0,0,31,2011,10202,2,0,0,6,1,0,30,1,2,1,1,0,3
545074,2025-01-31 03:55:58.314910,0.104,8,3136.295021,0.105,1,0xcaf00370,0,0,31,2011,10202,2,0,0,6,1,0,30,1,2,1,1,0,3
546679,2025-01-31 03:55:58.364754,49.844,8,3136.344865,49.844,7,0xcaf00370,0,0,31,2011,10202,3,1,0,39,1,0,0,2,0,0,10,131,0
546682,2025-01-31 03:55:58.364855,0.101,8,3136.344965,0.1,1,0xcaf00370,0,0,31,2011,10202,3,1,0,39,1,0,0,2,0,0,10,131,0
549010,2025-01-31 03:55:58.435145,70.29,8,3136.415255,70.29,7,0xcaf00370,0,0,31,2300,10491,0,1,0,6,1,0,30,1,2,1,1,0,3
549013,2025-01-31 03:55:58.435242,0.097,8,3136.415353,0.098,1,0xcaf00370,0,0,31,2300,10491,0,1,0,6,1,0,30,1,2,1,1,0,3
550689,2025-01-31 03:55:58.485132,49.88999999999999,8,3136.465243,49.89,1,0xcaf00370,0,0,31,2384,10575,1,1,0,6,1,0,30,1,2,1,1,252,3
550691,2025-01-31 03:55:58.485177,0.045000000000000005,8,3136.465287,0.044,7,0xcaf00370,0,0,31,2384,10575,1,1,0,6,1,0,30,1,2,1,1,252,3
552294,2025-01-31 03:55:58.534798,49.620999999999995,8,3136.514909,49.622,7,0xcaf00370,0,0,31,2655,10846,2,1,0,6,1,0,30,1,2,1,1,0,3
552298,2025-01-31 03:55:58.534881,0.083,8,3136.514991,0.082,1,0xcaf00370,0,0,31,2655,10846,2,1,0,6,1,0,30,1,2,1,1,0,3
554043,2025-01-31 03:55:58.585033,50.152,8,3136.565144,50.153,7,0xcaf00370,0,0,31,4157,12348,3,1,0,6,1,0,30,1,2,1,1,1,3
554048,2025-01-31 03:55:58.585112,0.079,8,3136.565222,0.078,1,0xcaf00370,0,0,31,4157,12348,3,1,0,6,1,0,30,1,2,1,1,1,3
555626,2025-01-31 03:55:58.634873,49.761,8,3136.614983,49.761,7,0xcaf00370,0,0,31,4262,12453,0,1,0,6,1,0,30,1,2,1,1,0,3
555627,2025-01-31 03:55:58.634874,0.001,8,3136.614985,0.002,1,0xcaf00370,0,0,31,4262,12453,0,1,0,6,1,0,30,1,2,1,1,0,3
559303,2025-01-31 03:55:58.744805,109.931,8,3136.724916,109.931,7,0xcaf00370,0,0,31,7394,7394,1,1,0,6,1,0,30,1,2,1,1,0,3
559306,2025-01-31 03:55:58.744863,0.058,8,3136.724974,0.058,1,0xcaf00370,0,0,31,7394,7394,1,1,0,6,1,0,30,1,2,1,1,0,3
560951,2025-01-31 03:55:58.795002,50.139,8,3136.775112,50.138,7,0xcaf00370,0,0,31,7481,7481,2,1,0,6,1,0,30,1,2,1,1,253,3
560952,2025-01-31 03:55:58.795053,0.051,8,3136.775163,0.051,1,0xcaf00370,0,0,31,7481,7481,2,1,0,6,1,0,30,1,2,1,1,253,3
562903,2025-01-31 03:55:58.854866,59.812999999999995,8,3136.834976,59.813,1,0xcaf00370,0,0,31,7776,7776,3,1,0,6,1,0,30,1,2,1,1,253,3
562904,2025-01-31 03:55:58.854869,0.003,8,3136.83498,0.004,7,0xcaf00370,0,0,31,7776,7776,3,1,0,6,1,0,30,1,2,1,1,253,3
564559,2025-01-31 03:55:58.904971,50.102000000000004,8,3136.885081,50.101,7,0xcaf00370,0,0,31,7865,7865,0,1,0,6,1,0,30,1,2,1,1,253,3
564566,2025-01-31 03:55:58.905204,0.23299999999999998,8,3136.885315,0.234,1,0xcaf00370,0,0,31,7865,7865,0,1,0,6,1,0,30,1,2,1,1,253,3
566479,2025-01-31 03:55:58.964843,59.638999999999996,8,3136.944953,59.638,7,0xcaf00370,0,0,31,1569,9760,1,0,0,6,1,0,25,1,2,1,1,253,3
566481,2025-01-31 03:55:58.964872,0.029,8,3136.944983,0.03,1,0xcaf00370,0,0,31,1569,9760,1,0,0,6,1,0,25,1,2,1,1,253,3
568187,2025-01-31 03:55:59.015325,50.452999999999996,8,3136.995435,50.452,7,0xcaf00370,0,0,31,1569,9760,2,1,0,38,1,0,5,2,0,1,9,250,1
568188,2025-01-31 03:55:59.015347,0.022,8,3136.995458,0.023,1,0xcaf00370,0,0,31,1569,9760,2,1,0,38,1,0,5,2,0,1,9,250,1
570511,2025-01-31 03:55:59.084874,69.527,8,3137.064984,69.526,7,0xcaf00370,0,0,31,2011,10202,3,0,0,6,1,0,30,1,2,1,1,0,3
570528,2025-01-31 03:55:59.085131,0.257,8,3137.065241,0.257,1,0xcaf00370,0,0,31,2011,10202,3,0,0,6,1,0,30,1,2,1,1,0,3
572164,2025-01-31 03:55:59.135013,49.882000000000005,8,3137.115124,49.883,1,0xcaf00370,0,0,31,2011,10202,0,1,0,39,1,0,0,2,0,0,10,131,0
572166,2025-01-31 03:55:59.135024,0.011,8,3137.115134,0.01,7,0xcaf00370,0,0,31,2011,10202,0,1,0,39,1,0,0,2,0,0,10,131,0
574155,2025-01-31 03:55:59.195047,60.023,8,3137.175158,60.024,1,0xcaf00370,0,0,31,2300,10491,1,1,0,6,1,0,30,1,2,1,1,0,3
574159,2025-01-31 03:55:59.195145,0.098,8,3137.175256,0.098,7,0xcaf00370,0,0,31,2300,10491,1,1,0,6,1,0,30,1,2,1,1,0,3
575821,2025-01-31 03:55:59.245173,50.028000000000006,8,3137.225283,50.027,7,0xcaf00370,0,0,31,2384,10575,2,1,0,6,1,0,30,1,2,1,1,252,3
575835,2025-01-31 03:55:59.245403,0.23,8,3137.225514,0.231,1,0xcaf00370,0,0,31,2384,10575,2,1,0,6,1,0,30,1,2,1,1,252,3
578147,2025-01-31 03:55:59.315117,69.714,8,3137.295228,69.714,7,0xcaf00370,0,0,31,2655,10846,3,1,0,6,1,0,30,1,2,1,1,0,3
578148,2025-01-31 03:55:59.315135,0.018000000000000002,8,3137.295246,0.018,1,0xcaf00370,0,0,31,2655,10846,3,1,0,6,1,0,30,1,2,1,1,0,3
579746,2025-01-31 03:55:59.364942,49.806999999999995,8,3137.345052,49.806,7,0xcaf00370,0,0,31,4157,12348,0,1,0,6,1,0,30,1,2,1,1,1,3
579750,2025-01-31 03:55:59.365046,0.104,8,3137.345157,0.105,1,0xcaf00370,0,0,31,4157,12348,0,1,0,6,1,0,30,1,2,1,1,1,3
581743,2025-01-31 03:55:59.424903,59.857,8,3137.405013,59.856,7,0xcaf00370,0,0,31,4262,12453,1,1,0,6,1,0,30,1,2,1,1,0,3
581752,2025-01-31 03:55:59.425097,0.194,8,3137.405207,0.194,1,0xcaf00370,0,0,31,4262,12453,1,1,0,6,1,0,30,1,2,1,1,0,3
585385,2025-01-31 03:55:59.535199,110.102,8,3137.515309,110.102,7,0xcaf00370,0,0,31,7394,7394,2,1,0,6,1,0,30,1,2,1,1,0,3
585386,2025-01-31 03:55:59.535203,0.004,8,3137.515314,0.005,1,0xcaf00370,0,0,31,7394,7394,2,1,0,6,1,0,30,1,2,1,1,0,3
587099,2025-01-31 03:55:59.584828,49.625,8,3137.564938,49.624,1,0xcaf00370,0,0,31,7481,7481,3,1,0,6,1,0,30,1,2,1,1,253,3
587113,2025-01-31 03:55:59.585231,0.40299999999999997,8,3137.565341,0.403,7,0xcaf00370,0,0,31,7481,7481,3,1,0,6,1,0,30,1,2,1,1,253,3
589396,2025-01-31 03:55:59.655186,69.955,8,3137.635296,69.955,1,0xcaf00370,0,0,31,7776,7776,0,1,0,6,1,0,30,1,2,1,1,253,3
589403,2025-01-31 03:55:59.655315,0.129,8,3137.635425,0.129,7,0xcaf00370,0,0,31,7776,7776,0,1,0,6,1,0,30,1,2,1,1,253,3
591201,2025-01-31 03:55:59.707510,52.195,8,3137.687621,52.196,1,0xcaf00370,0,0,31,7865,7865,1,1,0,6,1,0,30,1,2,1,1,253,3
591224,2025-01-31 03:55:59.707978,0.46799999999999997,8,3137.688089,0.468,7,0xcaf00370,0,0,31,7865,7865,1,1,0,6,1,0,30,1,2,1,1,253,3
592755,2025-01-31 03:55:59.754850,46.872,8,3137.734961,46.872,1,0xcaf00370,0,0,31,1569,9760,2,0,0,6,1,0,25,1,2,1,1,253,3
592780,2025-01-31 03:55:59.755298,0.448,8,3137.735409,0.448,7,0xcaf00370,0,0,31,1569,9760,2,0,0,6,1,0,25,1,2,1,1,253,3
594396,2025-01-31 03:55:59.805540,50.242000000000004,8,3137.78565,50.241,1,0xcaf00370,0,0,31,1569,9760,3,1,0,38,1,0,5,2,0,1,9,250,1
594400,2025-01-31 03:55:59.805603,0.063,8,3137.785714,0.064,7,0xcaf00370,0,0,31,1569,9760,3,1,0,38,1,0,5,2,0,1,9,250,1
596314,2025-01-31 03:55:59.865117,59.513999999999996,8,3137.845227,59.513,1,0xcaf00370,0,0,31,2011,10202,0,0,0,6,1,0,30,1,2,1,1,0,3
596327,2025-01-31 03:55:59.865400,0.283,8,3137.84551,0.283,7,0xcaf00370,0,0,31,2011,10202,0,0,0,6,1,0,30,1,2,1,1,0,3
598014,2025-01-31 03:55:59.915024,49.624,8,3137.895134,49.624,1,0xcaf00370,0,0,31,2011,10202,1,1,0,39,1,0,0,2,0,0,10,131,0
598026,2025-01-31 03:55:59.915345,0.321,8,3137.895456,0.322,7,0xcaf00370,0,0,31,2011,10202,1,1,0,39,1,0,0,2,0,0,10,131,0
599942,2025-01-31 03:55:59.975412,60.067,8,3137.955522,60.066,1,0xcaf00370,0,0,31,2300,10491,2,1,0,6,1,0,30,1,2,1,1,0,3
599966,2025-01-31 03:55:59.975927,0.515,8,3137.956037,0.515,7,0xcaf00370,0,0,31,2300,10491,2,1,0,6,1,0,30,1,2,1,1,0,3
601587,2025-01-31 03:56:00.024787,48.86,8,3138.004897,48.86,1,0xcaf00370,0,0,31,2384,10575,3,1,0,6,1,0,30,1,2,1,1,252,3
601600,2025-01-31 03:56:00.025058,0.27099999999999996,8,3138.005168,0.271,7,0xcaf00370,0,0,31,2384,10575,3,1,0,6,1,0,30,1,2,1,1,252,3
604018,2025-01-31 03:56:00.095415,70.357,8,3138.075526,70.358,1,0xcaf00370,0,0,31,2655,10846,0,1,0,6,1,0,30,1,2,1,1,0,3
604041,2025-01-31 03:56:00.095866,0.451,8,3138.075976,0.45,7,0xcaf00370,0,0,31,2655,10846,0,1,0,6,1,0,30,1,2,1,1,0,3
605625,2025-01-31 03:56:00.144816,48.95,8,3138.124927,48.951,1,0xcaf00370,0,0,31,4157,12348,1,1,0,6,1,0,30,1,2,1,1,1,3
605637,2025-01-31 03:56:00.145051,0.235,8,3138.125162,0.235,7,0xcaf00370,0,0,31,4157,12348,1,1,0,6,1,0,30,1,2,1,1,1,3
607667,2025-01-31 03:56:00.205097,60.046,8,3138.185208,60.046,1,0xcaf00370,0,0,31,4262,12453,2,1,0,6,1,0,30,1,2,1,1,0,3
607684,2025-01-31 03:56:00.205427,0.33,8,3138.185537,0.329,7,0xcaf00370,0,0,31,4262,12453,2,1,0,6,1,0,30,1,2,1,1,0,3
611698,2025-01-31 03:56:00.324847,119.42,8,3138.304958,119.421,1,0xcaf00370,0,0,31,7394,7394,3,1,0,6,1,0,30,1,2,1,1,0,3
611716,2025-01-31 03:56:00.325191,0.34400000000000003,8,3138.305301,0.343,7,0xcaf00370,0,0,31,7394,7394,3,1,0,6,1,0,30,1,2,1,1,0,3
613372,2025-01-31 03:56:00.375177,49.986000000000004,8,3138.355288,49.987,1,0xcaf00370,0,0,31,7481,7481,0,1,0,6,1,0,30,1,2,1,1,253,3
613388,2025-01-31 03:56:00.375568,0.391,8,3138.355679,0.391,7,0xcaf00370,0,0,31,7481,7481,0,1,0,6,1,0,30,1,2,1,1,253,3
615029,2025-01-31 03:56:00.425090,49.522,8,3138.405201,49.522,1,0xcaf00370,0,0,31,7776,7776,1,1,0,6,1,0,30,1,2,1,1,253,3
615047,2025-01-31 03:56:00.425529,0.439,8,3138.405639,0.438,7,0xcaf00370,0,0,31,7776,7776,1,1,0,6,1,0,30,1,2,1,1,253,3
616687,2025-01-31 03:56:00.475332,49.803,8,3138.455443,49.804,1,0xcaf00370,0,0,31,7865,7865,2,1,0,6,1,0,30,1,2,1,1,253,3
616708,2025-01-31 03:56:00.475816,0.484,8,3138.455926,0.483,7,0xcaf00370,0,0,31,7865,7865,2,1,0,6,1,0,30,1,2,1,1,253,3
619020,2025-01-31 03:56:00.544866,69.05,8,3138.524977,69.051,1,0xcaf00370,0,0,31,1569,9760,3,0,0,6,1,0,25,1,2,1,1,253,3
619041,2025-01-31 03:56:00.545409,0.5429999999999999,8,3138.525519,0.542,7,0xcaf00370,0,0,31,1569,9760,3,0,0,6,1,0,25,1,2,1,1,253,3
620827,2025-01-31 03:56:00.594938,49.528999999999996,8,3138.575048,49.529,1,0xcaf00370,0,0,31,1569,9760,0,1,0,38,1,0,5,2,0,1,9,250,1
620850,2025-01-31 03:56:00.595524,0.5860000000000001,8,3138.575634,0.586,7,0xcaf00370,0,0,31,1569,9760,0,1,0,38,1,0,5,2,0,1,9,250,1
622860,2025-01-31 03:56:00.654839,59.315,8,3138.634949,59.315,1,0xcaf00370,0,0,31,2011,10202,1,0,0,6,1,0,30,1,2,1,1,0,3
622882,2025-01-31 03:56:00.655477,0.638,8,3138.635588,0.639,7,0xcaf00370,0,0,31,2011,10202,1,0,0,6,1,0,30,1,2,1,1,0,3
624548,2025-01-31 03:56:00.705194,49.717,8,3138.685305,49.717,1,0xcaf00370,0,0,31,2011,10202,2,1,0,39,1,0,0,2,0,0,10,131,0
624563,2025-01-31 03:56:00.705699,0.505,8,3138.685809,0.504,7,0xcaf00370,0,0,31,2011,10202,2,1,0,39,1,0,0,2,0,0,10,131,0
626517,2025-01-31 03:56:00.764859,59.16,8,3138.74497,59.161,1,0xcaf00370,0,0,31,2300,10491,3,1,0,6,1,0,30,1,2,1,1,0,3
626539,2025-01-31 03:56:00.765591,0.732,8,3138.745701,0.731,7,0xcaf00370,0,0,31,2300,10491,3,1,0,6,1,0,30,1,2,1,1,0,3
628225,2025-01-31 03:56:00.815086,49.495,8,3138.795197,49.496,1,0xcaf00370,0,0,31,2384,10575,0,1,0,6,1,0,30,1,2,1,1,252,3
628252,2025-01-31 03:56:00.815860,0.7739999999999999,8,3138.795971,0.774,7,0xcaf00370,0,0,31,2384,10575,0,1,0,6,1,0,30,1,2,1,1,252,3
630191,2025-01-31 03:56:00.875113,59.253,8,3138.855223,59.252,1,0xcaf00370,0,0,31,2655,10846,1,1,0,6,1,0,30,1,2,1,1,0,3
630219,2025-01-31 03:56:00.875940,0.8270000000000001,8,3138.85605,0.827,7,0xcaf00370,0,0,31,2655,10846,1,1,0,6,1,0,30,1,2,1,1,0,3
631829,2025-01-31 03:56:00.924824,48.884,8,3138.904934,48.884,1,0xcaf00370,0,0,31,4157,12348,2,1,0,6,1,0,30,1,2,1,1,1,3
631858,2025-01-31 03:56:00.925695,0.871,8,3138.905805,0.871,7,0xcaf00370,0,0,31,4157,12348,2,1,0,6,1,0,30,1,2,1,1,1,3
633818,2025-01-31 03:56:00.984913,59.217999999999996,8,3138.965024,59.219,1,0xcaf00370,0,0,31,4262,12453,3,1,0,6,1,0,30,1,2,1,1,0,3
633856,2025-01-31 03:56:00.985873,0.9600000000000001,8,3138.965983,0.959,7,0xcaf00370,0,0,31,4262,12453,3,1,0,6,1,0,30,1,2,1,1,0,3
637553,2025-01-31 03:56:01.095435,109.56200000000001,8,3139.075546,109.563,1,0xcaf00370,0,0,31,7394,7394,0,1,0,6,1,0,30,1,2,1,1,0,3
637595,2025-01-31 03:56:01.096451,1.016,8,3139.076561,1.015,7,0xcaf00370,0,0,31,7394,7394,0,1,0,6,1,0,30,1,2,1,1,0,3
639192,2025-01-31 03:56:01.144863,48.412,8,3139.124974,48.413,1,0xcaf00370,0,0,31,7481,7481,1,1,0,6,1,0,30,1,2,1,1,253,3
639218,2025-01-31 03:56:01.145922,1.059,8,3139.126032,1.058,7,0xcaf00370,0,0,31,7481,7481,1,1,0,6,1,0,30,1,2,1,1,253,3
641238,2025-01-31 03:56:01.205296,59.374,8,3139.185407,59.375,1,0xcaf00370,0,0,31,7776,7776,2,1,0,6,1,0,30,1,2,1,1,253,3
641276,2025-01-31 03:56:01.206201,0.905,8,3139.186311,0.904,7,0xcaf00370,0,0,31,7776,7776,2,1,0,6,1,0,30,1,2,1,1,253,3
642963,2025-01-31 03:56:01.254849,48.647999999999996,8,3139.234959,48.648,1,0xcaf00370,0,0,31,7865,7865,3,1,0,6,1,0,30,1,2,1,1,253,3
642996,2025-01-31 03:56:01.255981,1.132,8,3139.236091,1.132,7,0xcaf00370,0,0,31,7865,7865,3,1,0,6,1,0,30,1,2,1,1,253,3
644925,2025-01-31 03:56:01.315053,59.072,8,3139.295164,59.073,1,0xcaf00370,0,0,31,1569,9760,0,0,0,6,1,0,25,1,2,1,1,253,3
644965,2025-01-31 03:56:01.316170,1.117,8,3139.29628,1.116,7,0xcaf00370,0,0,31,1569,9760,0,0,0,6,1,0,25,1,2,1,1,253,3
646644,2025-01-31 03:56:01.364859,48.689,8,3139.344969,48.689,1,0xcaf00370,0,0,31,1569,9760,1,1,0,38,1,0,5,2,0,1,9,250,1
646678,2025-01-31 03:56:01.365962,1.103,8,3139.346072,1.103,7,0xcaf00370,0,0,31,1569,9760,1,1,0,38,1,0,5,2,0,1,9,250,1
648675,2025-01-31 03:56:01.424914,58.952,8,3139.405024,58.952,1,0xcaf00370,0,0,31,2011,10202,2,0,0,6,1,0,30,1,2,1,1,0,3
648708,2025-01-31 03:56:01.426000,1.0859999999999999,8,3139.406111,1.087,7,0xcaf00370,0,0,31,2011,10202,2,0,0,6,1,0,30,1,2,1,1,0,3
650334,2025-01-31 03:56:01.475371,49.370999999999995,8,3139.455481,49.37,1,0xcaf00370,0,0,31,2011,10202,3,1,0,39,1,0,0,2,0,0,10,131,0
650369,2025-01-31 03:56:01.476443,1.072,8,3139.456553,1.072,7,0xcaf00370,0,0,31,2011,10202,3,1,0,39,1,0,0,2,0,0,10,131,0
651983,2025-01-31 03:56:01.525440,48.997,8,3139.505551,48.998,1,0xcaf00370,0,0,31,2300,10491,0,1,0,6,1,0,30,1,2,1,1,0,3
652019,2025-01-31 03:56:01.526497,1.057,8,3139.506607,1.056,7,0xcaf00370,0,0,31,2300,10491,0,1,0,6,1,0,30,1,2,1,1,0,3
653859,2025-01-31 03:56:01.579769,53.272,8,3139.559879,53.272,1,0xcaf00370,0,0,31,2384,10575,1,1,0,6,1,0,30,1,2,1,1,252,3
653891,2025-01-31 03:56:01.580432,0.6629999999999999,8,3139.560542,0.663,7,0xcaf00370,0,0,31,2384,10575,1,1,0,6,1,0,30,1,2,1,1,252,3
655721,2025-01-31 03:56:01.635350,54.918,8,3139.615461,54.919,1,0xcaf00370,0,0,31,2655,10846,2,1,0,6,1,0,30,1,2,1,1,0,3
655762,2025-01-31 03:56:01.636373,1.0230000000000001,8,3139.616483,1.022,7,0xcaf00370,0,0,31,2655,10846,2,1,0,6,1,0,30,1,2,1,1,0,3
657378,2025-01-31 03:56:01.685106,48.733,8,3139.665216,48.733,1,0xcaf00370,0,0,31,4157,12348,3,1,0,6,1,0,30,1,2,1,1,1,3
657410,2025-01-31 03:56:01.686114,1.008,8,3139.666225,1.009,7,0xcaf00370,0,0,31,4157,12348,3,1,0,6,1,0,30,1,2,1,1,1,3
659385,2025-01-31 03:56:01.744928,58.814,8,3139.725038,58.813,1,0xcaf00370,0,0,31,4262,12453,0,1,0,6,1,0,30,1,2,1,1,0,3
659409,2025-01-31 03:56:01.745915,0.987,8,3139.726026,0.988,7,0xcaf00370,0,0,31,4262,12453,0,1,0,6,1,0,30,1,2,1,1,0,3
663043,2025-01-31 03:56:01.855218,109.303,8,3139.835328,109.302,1,0xcaf00370,0,0,31,7394,7394,1,1,0,6,1,0,30,1,2,1,1,0,3
663071,2025-01-31 03:56:01.856171,0.953,8,3139.836281,0.953,7,0xcaf00370,0,0,31,7394,7394,1,1,0,6,1,0,30,1,2,1,1,0,3
664685,2025-01-31 03:56:01.906032,49.861000000000004,8,3139.886142,49.861,1,0xcaf00370,0,0,31,7481,7481,2,1,0,6,1,0,30,1,2,1,1,253,3
664706,2025-01-31 03:56:01.906760,0.728,8,3139.88687,0.728,7,0xcaf00370,0,0,31,7481,7481,2,1,0,6,1,0,30,1,2,1,1,253,3
666632,2025-01-31 03:56:01.965641,58.881,8,3139.945752,58.882,1,0xcaf00370,0,0,31,7776,7776,3,1,0,6,1,0,30,1,2,1,1,253,3
666662,2025-01-31 03:56:01.966735,1.0939999999999999,8,3139.946845,1.093,7,0xcaf00370,0,0,31,7776,7776,3,1,0,6,1,0,30,1,2,1,1,253,3
668292,2025-01-31 03:56:02.015063,48.328,8,3139.995173,48.328,1,0xcaf00370,0,0,31,7865,7865,0,1,0,6,1,0,30,1,2,1,1,253,3
668320,2025-01-31 03:56:02.015965,0.902,8,3139.996076,0.903,7,0xcaf00370,0,0,31,7865,7865,0,1,0,6,1,0,30,1,2,1,1,253,3
670446,2025-01-31 03:56:02.079421,63.455999999999996,8,3140.059531,63.455,1,0xcaf00370,0,0,31,1569,9760,1,0,0,6,1,0,25,1,2,1,1,253,3
670487,2025-01-31 03:56:02.080372,0.9510000000000001,8,3140.060483,0.952,7,0xcaf00370,0,0,31,1569,9760,1,0,0,6,1,0,25,1,2,1,1,253,3
672015,2025-01-31 03:56:02.125247,44.875,8,3140.105358,44.875,1,0xcaf00370,0,0,31,1569,9760,2,1,0,38,1,0,5,2,0,1,9,250,1
672042,2025-01-31 03:56:02.126116,0.869,8,3140.106227,0.869,7,0xcaf00370,0,0,31,1569,9760,2,1,0,38,1,0,5,2,0,1,9,250,1
673689,2025-01-31 03:56:02.175541,49.425,8,3140.155651,49.424,1,0xcaf00370,0,0,31,2011,10202,3,0,0,6,1,0,30,1,2,1,1,0,3
673720,2025-01-31 03:56:02.176394,0.853,8,3140.156504,0.853,7,0xcaf00370,0,0,31,2011,10202,3,0,0,6,1,0,30,1,2,1,1,0,3
675331,2025-01-31 03:56:02.225247,48.853,8,3140.205357,48.853,1,0xcaf00370,0,0,31,2011,10202,0,1,0,39,1,0,0,2,0,0,10,131,0
675355,2025-01-31 03:56:02.226083,0.8360000000000001,8,3140.206193,0.836,7,0xcaf00370,0,0,31,2011,10202,0,1,0,39,1,0,0,2,0,0,10,131,0
677393,2025-01-31 03:56:02.286100,60.017,8,3140.26621,60.017,1,0xcaf00370,0,0,31,2300,10491,1,1,0,6,1,0,30,1,2,1,1,0,3
677422,2025-01-31 03:56:02.286880,0.78,8,3140.266991,0.781,7,0xcaf00370,0,0,31,2300,10491,1,1,0,6,1,0,30,1,2,1,1,0,3
679018,2025-01-31 03:56:02.335626,48.745999999999995,8,3140.315737,48.746,1,0xcaf00370,0,0,31,2384,10575,2,1,0,6,1,0,30,1,2,1,1,252,3
679051,2025-01-31 03:56:02.336544,0.9179999999999999,8,3140.316654,0.917,7,0xcaf00370,0,0,31,2384,10575,2,1,0,6,1,0,30,1,2,1,1,252,3
681286,2025-01-31 03:56:02.405309,68.765,8,3140.38542,68.766,1,0xcaf00370,0,0,31,2655,10846,3,1,0,6,1,0,30,1,2,1,1,0,3
681311,2025-01-31 03:56:02.406276,0.967,8,3140.386386,0.966,7,0xcaf00370,0,0,31,2655,10846,3,1,0,6,1,0,30,1,2,1,1,0,3
682943,2025-01-31 03:56:02.454999,48.723,8,3140.43511,48.724,1,0xcaf00370,0,0,31,4157,12348,0,1,0,6,1,0,30,1,2,1,1,1,3
682968,2025-01-31 03:56:02.456017,1.018,8,3140.436127,1.017,7,0xcaf00370,0,0,31,4157,12348,0,1,0,6,1,0,30,1,2,1,1,1,3
685543,2025-01-31 03:56:02.535454,79.437,8,3140.515564,79.437,1,0xcaf00370,0,0,31,4262,12453,1,1,0,6,1,0,30,1,2,1,1,0,3
685582,2025-01-31 03:56:02.536544,1.09,8,3140.516654,1.09,7,0xcaf00370,0,0,31,4262,12453,1,1,0,6,1,0,30,1,2,1,1,0,3
688925,2025-01-31 03:56:02.636138,99.59400000000001,8,3140.616248,99.594,1,0xcaf00370,0,0,31,7394,7394,2,1,0,6,1,0,30,1,2,1,1,0,3
688926,2025-01-31 03:56:02.636138,0.0,8,3140.616248,0.0,1,0xcaf00370,0,0,31,7394,7394,2,1,0,6,1,0,30,1,2,1,1,0,3
688969,2025-01-31 03:56:02.637347,1.209,8,3140.617457,1.209,7,0xcaf00370,0,0,31,7394,7394,2,1,0,6,1,0,30,1,2,1,1,0,3
690601,2025-01-31 03:56:02.686106,48.759,8,3140.666216,48.759,1,0xcaf00370,0,0,31,7481,7481,3,1,0,6,1,0,30,1,2,1,1,253,3
690635,2025-01-31 03:56:02.687119,1.013,8,3140.667229,1.013,7,0xcaf00370,0,0,31,7481,7481,3,1,0,6,1,0,30,1,2,1,1,253,3
692337,2025-01-31 03:56:02.737684,50.565,8,3140.717795,50.566,1,0xcaf00370,0,0,31,7776,7776,0,1,0,6,1,0,30,1,2,1,1,253,3
692398,2025-01-31 03:56:02.739585,1.9009999999999998,8,3140.719695,1.9,7,0xcaf00370,0,0,31,7776,7776,0,1,0,6,1,0,30,1,2,1,1,253,3
693917,2025-01-31 03:56:02.785525,45.940000000000005,8,3140.765636,45.941,1,0xcaf00370,0,0,31,7865,7865,1,1,0,6,1,0,30,1,2,1,1,253,3
693951,2025-01-31 03:56:02.786837,1.312,8,3140.766947,1.311,7,0xcaf00370,0,0,31,7865,7865,1,1,0,6,1,0,30,1,2,1,1,253,3
695857,2025-01-31 03:56:02.845057,58.22,8,3140.825168,58.221,1,0xcaf00370,0,0,31,1569,9760,2,0,0,6,1,0,25,1,2,1,1,253,3
695890,2025-01-31 03:56:02.846422,1.365,8,3140.826532,1.364,7,0xcaf00370,0,0,31,1569,9760,2,0,0,6,1,0,25,1,2,1,1,253,3
697583,2025-01-31 03:56:02.895215,48.793000000000006,8,3140.875325,48.793,1,0xcaf00370,0,0,31,1569,9760,3,1,0,38,1,0,5,2,0,1,9,250,1
697631,2025-01-31 03:56:02.896625,1.41,8,3140.876735,1.41,7,0xcaf00370,0,0,31,1569,9760,3,1,0,38,1,0,5,2,0,1,9,250,1
699219,2025-01-31 03:56:02.946231,49.605999999999995,8,3140.926341,49.606,1,0xcaf00370,0,0,31,2011,10202,0,0,0,6,1,0,30,1,2,1,1,0,3
699261,2025-01-31 03:56:02.947605,1.374,8,3140.927716,1.375,7,0xcaf00370,0,0,31,2011,10202,0,0,0,6,1,0,30,1,2,1,1,0,3
700882,2025-01-31 03:56:02.995218,47.613,8,3140.975328,47.612,1,0xcaf00370,0,0,31,2011,10202,1,1,0,39,1,0,0,2,0,0,10,131,0
700927,2025-01-31 03:56:02.996715,1.497,8,3140.976826,1.498,7,0xcaf00370,0,0,31,2011,10202,1,1,0,39,1,0,0,2,0,0,10,131,0
702851,2025-01-31 03:56:03.055086,58.371,8,3141.035196,58.37,1,0xcaf00370,0,0,31,2300,10491,2,1,0,6,1,0,30,1,2,1,1,0,3
702895,2025-01-31 03:56:03.056637,1.5510000000000002,8,3141.036747,1.551,7,0xcaf00370,0,0,31,2300,10491,2,1,0,6,1,0,30,1,2,1,1,0,3
704557,2025-01-31 03:56:03.105608,48.971000000000004,8,3141.085718,48.971,1,0xcaf00370,0,0,31,2384,10575,3,1,0,6,1,0,30,1,2,1,1,252,3
704601,2025-01-31 03:56:03.107214,1.606,8,3141.087325,1.607,7,0xcaf00370,0,0,31,2384,10575,3,1,0,6,1,0,30,1,2,1,1,252,3
706526,2025-01-31 03:56:03.165375,58.160999999999994,8,3141.145486,58.161,1,0xcaf00370,0,0,31,2655,10846,0,1,0,6,1,0,30,1,2,1,1,0,3
706569,2025-01-31 03:56:03.167025,1.65,8,3141.147135,1.649,7,0xcaf00370,0,0,31,2655,10846,0,1,0,6,1,0,30,1,2,1,1,0,3
708225,2025-01-31 03:56:03.215210,48.184999999999995,8,3141.195321,48.186,1,0xcaf00370,0,0,31,4157,12348,1,1,0,6,1,0,30,1,2,1,1,1,3
708274,2025-01-31 03:56:03.216904,1.694,8,3141.197014,1.693,7,0xcaf00370,0,0,31,4157,12348,1,1,0,6,1,0,30,1,2,1,1,1,3
710330,2025-01-31 03:56:03.275474,58.57,8,3141.255584,58.57,1,0xcaf00370,0,0,31,4262,12453,2,1,0,6,1,0,30,1,2,1,1,0,3
710399,2025-01-31 03:56:03.277160,1.686,8,3141.257271,1.687,7,0xcaf00370,0,0,31,4262,12453,2,1,0,6,1,0,30,1,2,1,1,0,3
714038,2025-01-31 03:56:03.386200,109.03999999999999,8,3141.36631,109.039,1,0xcaf00370,0,0,31,7394,7394,3,1,0,6,1,0,30,1,2,1,1,0,3
714078,2025-01-31 03:56:03.387584,1.3840000000000001,8,3141.367694,1.384,7,0xcaf00370,0,0,31,7394,7394,3,1,0,6,1,0,30,1,2,1,1,0,3
715596,2025-01-31 03:56:03.435451,47.867,8,3141.415561,47.867,1,0xcaf00370,0,0,31,7481,7481,0,1,0,6,1,0,30,1,2,1,1,253,3
715647,2025-01-31 03:56:03.437037,1.5859999999999999,8,3141.417148,1.587,7,0xcaf00370,0,0,31,7481,7481,0,1,0,6,1,0,30,1,2,1,1,253,3
717938,2025-01-31 03:56:03.505699,68.662,8,3141.485809,68.661,1,0xcaf00370,0,0,31,7776,7776,1,1,0,6,1,0,30,1,2,1,1,253,3
717981,2025-01-31 03:56:03.507371,1.6720000000000002,8,3141.487482,1.673,7,0xcaf00370,0,0,31,7776,7776,1,1,0,6,1,0,30,1,2,1,1,253,3
719582,2025-01-31 03:56:03.555346,47.974999999999994,8,3141.535457,47.975,1,0xcaf00370,0,0,31,7865,7865,2,1,0,6,1,0,30,1,2,1,1,253,3
719623,2025-01-31 03:56:03.556877,1.531,8,3141.536987,1.53,7,0xcaf00370,0,0,31,7865,7865,2,1,0,6,1,0,30,1,2,1,1,253,3
721591,2025-01-31 03:56:03.615145,58.268,8,3141.595256,58.269,1,0xcaf00370,0,0,31,1569,9760,3,0,0,6,1,0,25,1,2,1,1,253,3
721647,2025-01-31 03:56:03.616646,1.501,8,3141.596757,1.501,7,0xcaf00370,0,0,31,1569,9760,3,0,0,6,1,0,25,1,2,1,1,253,3
723311,2025-01-31 03:56:03.664848,48.202000000000005,8,3141.644958,48.201,1,0xcaf00370,0,0,31,1569,9760,0,1,0,38,1,0,5,2,0,1,9,250,1
723349,2025-01-31 03:56:03.666327,1.479,8,3141.646438,1.48,7,0xcaf00370,0,0,31,1569,9760,0,1,0,38,1,0,5,2,0,1,9,250,1
725621,2025-01-31 03:56:03.735097,68.77,8,3141.715208,68.77,1,0xcaf00370,0,0,31,2011,10202,1,0,0,6,1,0,30,1,2,1,1,0,3
725676,2025-01-31 03:56:03.736542,1.445,8,3141.716653,1.445,7,0xcaf00370,0,0,31,2011,10202,1,0,0,6,1,0,30,1,2,1,1,0,3
727318,2025-01-31 03:56:03.785131,48.589,8,3141.765242,48.589,1,0xcaf00370,0,0,31,2011,10202,2,1,0,39,1,0,0,2,0,0,10,131,0
727360,2025-01-31 03:56:03.786554,1.423,8,3141.766664,1.422,7,0xcaf00370,0,0,31,2011,10202,2,1,0,39,1,0,0,2,0,0,10,131,0
728937,2025-01-31 03:56:03.835433,48.879,8,3141.815544,48.88,1,0xcaf00370,0,0,31,2300,10491,3,1,0,6,1,0,30,1,2,1,1,0,3
728986,2025-01-31 03:56:03.836831,1.398,8,3141.816942,1.398,7,0xcaf00370,0,0,31,2300,10491,3,1,0,6,1,0,30,1,2,1,1,0,3
730604,2025-01-31 03:56:03.885137,48.306000000000004,8,3141.865247,48.305,1,0xcaf00370,0,0,31,2384,10575,0,1,0,6,1,0,30,1,2,1,1,252,3
730643,2025-01-31 03:56:03.886512,1.375,8,3141.866622,1.375,7,0xcaf00370,0,0,31,2384,10575,0,1,0,6,1,0,30,1,2,1,1,252,3
733178,2025-01-31 03:56:03.965070,78.558,8,3141.945181,78.559,1,0xcaf00370,0,0,31,2655,10846,1,1,0,6,1,0,30,1,2,1,1,0,3
733209,2025-01-31 03:56:03.966408,1.338,8,3141.946518,1.337,7,0xcaf00370,0,0,31,2655,10846,1,1,0,6,1,0,30,1,2,1,1,0,3
734897,2025-01-31 03:56:04.015808,49.4,8,3141.995919,49.401,1,0xcaf00370,0,0,31,4157,12348,2,1,0,6,1,0,30,1,2,1,1,1,3
734932,2025-01-31 03:56:04.017025,1.217,8,3141.997135,1.216,7,0xcaf00370,0,0,31,4157,12348,2,1,0,6,1,0,30,1,2,1,1,1,3
736486,2025-01-31 03:56:04.065057,48.032,8,3142.045167,48.032,1,0xcaf00370,0,0,31,4262,12453,3,1,0,6,1,0,30,1,2,1,1,0,3
736521,2025-01-31 03:56:04.066346,1.289,8,3142.046457,1.29,7,0xcaf00370,0,0,31,4262,12453,3,1,0,6,1,0,30,1,2,1,1,0,3
739869,2025-01-31 03:56:04.165070,98.724,8,3142.14518,98.723,1,0xcaf00370,0,0,31,7394,7394,0,1,0,6,1,0,30,1,2,1,1,0,3
739900,2025-01-31 03:56:04.166314,1.244,8,3142.146425,1.245,7,0xcaf00370,0,0,31,7394,7394,0,1,0,6,1,0,30,1,2,1,1,0,3
741534,2025-01-31 03:56:04.215265,48.951,8,3142.195375,48.95,1,0xcaf00370,0,0,31,7481,7481,1,1,0,6,1,0,30,1,2,1,1,253,3
741577,2025-01-31 03:56:04.216485,1.22,8,3142.196595,1.22,7,0xcaf00370,0,0,31,7481,7481,1,1,0,6,1,0,30,1,2,1,1,253,3
743557,2025-01-31 03:56:04.275293,58.808,8,3142.255403,58.808,1,0xcaf00370,0,0,31,7776,7776,2,1,0,6,1,0,30,1,2,1,1,253,3
743593,2025-01-31 03:56:04.276493,1.2,8,3142.256603,1.2,7,0xcaf00370,0,0,31,7776,7776,2,1,0,6,1,0,30,1,2,1,1,253,3
745140,2025-01-31 03:56:04.324984,48.491,8,3142.305094,48.491,1,0xcaf00370,0,0,31,7865,7865,3,1,0,6,1,0,30,1,2,1,1,253,3
745172,2025-01-31 03:56:04.326170,1.186,8,3142.30628,1.186,7,0xcaf00370,0,0,31,7865,7865,3,1,0,6,1,0,30,1,2,1,1,253,3
747182,2025-01-31 03:56:04.385633,59.463,8,3142.365744,59.464,1,0xcaf00370,0,0,31,1569,9760,0,0,0,6,1,0,25,1,2,1,1,253,3
747216,2025-01-31 03:56:04.386800,1.167,8,3142.36691,1.166,7,0xcaf00370,0,0,31,1569,9760,0,0,0,6,1,0,25,1,2,1,1,253,3
748773,2025-01-31 03:56:04.435206,48.406,8,3142.415316,48.406,1,0xcaf00370,0,0,31,1569,9760,1,1,0,38,1,0,5,2,0,1,9,250,1
748809,2025-01-31 03:56:04.436359,1.153,8,3142.41647,1.154,7,0xcaf00370,0,0,31,1569,9760,1,1,0,38,1,0,5,2,0,1,9,250,1
751098,2025-01-31 03:56:04.505503,69.14399999999999,8,3142.485613,69.143,1,0xcaf00370,0,0,31,2011,10202,2,0,0,6,1,0,30,1,2,1,1,0,3
751131,2025-01-31 03:56:04.506761,1.258,8,3142.486871,1.258,7,0xcaf00370,0,0,31,2011,10202,2,0,0,6,1,0,30,1,2,1,1,0,3
752729,2025-01-31 03:56:04.555106,48.345,8,3142.535216,48.345,1,0xcaf00370,0,0,31,2011,10202,3,1,0,39,1,0,0,2,0,0,10,131,0
752763,2025-01-31 03:56:04.556221,1.1150000000000002,8,3142.536331,1.115,7,0xcaf00370,0,0,31,2011,10202,3,1,0,39,1,0,0,2,0,0,10,131,0
754437,2025-01-31 03:56:04.605637,49.416000000000004,8,3142.585748,49.417,1,0xcaf00370,0,0,31,2300,10491,0,1,0,6,1,0,30,1,2,1,1,0,3
754462,2025-01-31 03:56:04.606728,1.091,8,3142.586838,1.09,7,0xcaf00370,0,0,31,2300,10491,0,1,0,6,1,0,30,1,2,1,1,0,3
756128,2025-01-31 03:56:04.656171,49.443,8,3142.636281,49.443,1,0xcaf00370,0,0,31,2384,10575,1,1,0,6,1,0,30,1,2,1,1,252,3
756157,2025-01-31 03:56:04.657189,1.018,8,3142.637299,1.018,7,0xcaf00370,0,0,31,2384,10575,1,1,0,6,1,0,30,1,2,1,1,252,3
758335,2025-01-31 03:56:04.725034,67.845,8,3142.705145,67.846,1,0xcaf00370,0,0,31,2655,10846,2,1,0,6,1,0,30,1,2,1,1,0,3
758362,2025-01-31 03:56:04.726095,1.0610000000000002,8,3142.706205,1.06,7,0xcaf00370,0,0,31,2655,10846,2,1,0,6,1,0,30,1,2,1,1,0,3
760021,2025-01-31 03:56:04.775404,49.309,8,3142.755514,49.309,1,0xcaf00370,0,0,31,4157,12348,3,1,0,6,1,0,30,1,2,1,1,1,3
760059,2025-01-31 03:56:04.776448,1.044,8,3142.756559,1.045,7,0xcaf00370,0,0,31,4157,12348,3,1,0,6,1,0,30,1,2,1,1,1,3
761946,2025-01-31 03:56:04.835089,58.641,8,3142.815199,58.64,1,0xcaf00370,0,0,31,4262,12453,0,1,0,6,1,0,30,1,2,1,1,0,3
761988,2025-01-31 03:56:04.836214,1.125,8,3142.816324,1.125,7,0xcaf00370,0,0,31,4262,12453,0,1,0,6,1,0,30,1,2,1,1,0,3
765593,2025-01-31 03:56:04.945844,109.63000000000001,8,3142.925954,109.63,1,0xcaf00370,0,0,31,7394,7394,1,1,0,6,1,0,30,1,2,1,1,0,3
765624,2025-01-31 03:56:04.946749,0.905,8,3142.92686,0.906,7,0xcaf00370,0,0,31,7394,7394,1,1,0,6,1,0,30,1,2,1,1,0,3
767275,2025-01-31 03:56:04.995193,48.444,8,3142.975303,48.443,1,0xcaf00370,0,0,31,7481,7481,2,1,0,6,1,0,30,1,2,1,1,253,3
767316,2025-01-31 03:56:04.996183,0.99,8,3142.976294,0.991,7,0xcaf00370,0,0,31,7481,7481,2,1,0,6,1,0,30,1,2,1,1,253,3
769248,2025-01-31 03:56:05.055195,59.012,8,3143.035305,59.011,1,0xcaf00370,0,0,31,7776,7776,3,1,0,6,1,0,30,1,2,1,1,253,3
769278,2025-01-31 03:56:05.055950,0.755,8,3143.036061,0.756,7,0xcaf00370,0,0,31,7776,7776,3,1,0,6,1,0,30,1,2,1,1,253,3
770976,2025-01-31 03:56:05.105406,49.456,8,3143.085516,49.455,1,0xcaf00370,0,0,31,7865,7865,0,1,0,6,1,0,30,1,2,1,1,253,3
770995,2025-01-31 03:56:05.106107,0.7010000000000001,8,3143.086217,0.701,7,0xcaf00370,0,0,31,7865,7865,0,1,0,6,1,0,30,1,2,1,1,253,3
773269,2025-01-31 03:56:05.175902,69.795,8,3143.156012,69.795,1,0xcaf00370,0,0,31,1569,9760,1,0,0,6,1,0,25,1,2,1,1,253,3
773307,2025-01-31 03:56:05.176802,0.9,8,3143.156913,0.901,7,0xcaf00370,0,0,31,1569,9760,1,0,0,6,1,0,25,1,2,1,1,253,3
774879,2025-01-31 03:56:05.225074,48.272000000000006,8,3143.205184,48.271,1,0xcaf00370,0,0,31,1569,9760,2,1,0,38,1,0,5,2,0,1,9,250,1
774901,2025-01-31 03:56:05.225860,0.786,8,3143.20597,0.786,7,0xcaf00370,0,0,31,1569,9760,2,1,0,38,1,0,5,2,0,1,9,250,1
776921,2025-01-31 03:56:05.285233,59.373000000000005,8,3143.265344,59.374,1,0xcaf00370,0,0,31,2011,10202,3,0,0,6,1,0,30,1,2,1,1,0,3
776957,2025-01-31 03:56:05.286212,0.9790000000000001,8,3143.266322,0.978,7,0xcaf00370,0,0,31,2011,10202,3,0,0,6,1,0,30,1,2,1,1,0,3
778521,2025-01-31 03:56:05.334948,48.736000000000004,8,3143.315058,48.736,1,0xcaf00370,0,0,31,2011,10202,0,1,0,39,1,0,0,2,0,0,10,131,0
778575,2025-01-31 03:56:05.336124,1.176,8,3143.316234,1.176,7,0xcaf00370,0,0,31,2011,10202,0,1,0,39,1,0,0,2,0,0,10,131,0
780928,2025-01-31 03:56:05.406426,70.302,8,3143.386536,70.302,1,0xcaf00370,0,0,31,2300,10491,1,1,0,6,1,0,30,1,2,1,1,0,3
780931,2025-01-31 03:56:05.406483,0.057,8,3143.386593,0.057,7,0xcaf00370,0,0,31,2300,10491,1,1,0,6,1,0,30,1,2,1,1,0,3
782518,2025-01-31 03:56:05.454953,48.47,8,3143.435063,48.47,1,0xcaf00370,0,0,31,2384,10575,2,1,0,6,1,0,30,1,2,1,1,252,3
782570,2025-01-31 03:56:05.456123,1.17,8,3143.436233,1.17,7,0xcaf00370,0,0,31,2384,10575,2,1,0,6,1,0,30,1,2,1,1,252,3
784481,2025-01-31 03:56:05.514987,58.864,8,3143.495098,58.865,1,0xcaf00370,0,0,31,2655,10846,3,1,0,6,1,0,30,1,2,1,1,0,3
784510,2025-01-31 03:56:05.515777,0.79,8,3143.495887,0.789,7,0xcaf00370,0,0,31,2655,10846,3,1,0,6,1,0,30,1,2,1,1,0,3
786103,2025-01-31 03:56:05.565049,49.272000000000006,8,3143.545159,49.272,1,0xcaf00370,0,0,31,4157,12348,0,1,0,6,1,0,30,1,2,1,1,1,3
786144,2025-01-31 03:56:05.566123,1.074,8,3143.546234,1.075,7,0xcaf00370,0,0,31,4157,12348,0,1,0,6,1,0,30,1,2,1,1,1,3
788135,2025-01-31 03:56:05.625058,58.935,8,3143.605168,58.934,1,0xcaf00370,0,0,31,4262,12453,1,1,0,6,1,0,30,1,2,1,1,0,3
788161,2025-01-31 03:56:05.625715,0.657,8,3143.605825,0.657,7,0xcaf00370,0,0,31,4262,12453,1,1,0,6,1,0,30,1,2,1,1,0,3
791789,2025-01-31 03:56:05.735447,109.732,8,3143.715558,109.733,1,0xcaf00370,0,0,31,7394,7394,2,1,0,6,1,0,30,1,2,1,1,0,3
791821,2025-01-31 03:56:05.736125,0.678,8,3143.716236,0.678,7,0xcaf00370,0,0,31,7394,7394,2,1,0,6,1,0,30,1,2,1,1,0,3
793460,2025-01-31 03:56:05.784973,48.848,8,3143.765084,48.848,1,0xcaf00370,0,0,31,7481,7481,3,1,0,6,1,0,30,1,2,1,1,253,3
793481,2025-01-31 03:56:05.785627,0.6539999999999999,8,3143.765738,0.654,7,0xcaf00370,0,0,31,7481,7481,3,1,0,6,1,0,30,1,2,1,1,253,3
795392,2025-01-31 03:56:05.845234,59.607,8,3143.825345,59.607,1,0xcaf00370,0,0,31,7776,7776,0,1,0,6,1,0,30,1,2,1,1,253,3
795416,2025-01-31 03:56:05.845860,0.626,8,3143.825971,0.626,7,0xcaf00370,0,0,31,7776,7776,0,1,0,6,1,0,30,1,2,1,1,253,3
797101,2025-01-31 03:56:05.895406,49.546,8,3143.875516,49.545,1,0xcaf00370,0,0,31,7865,7865,1,1,0,6,1,0,30,1,2,1,1,253,3
797133,2025-01-31 03:56:05.896007,0.601,8,3143.876117,0.601,7,0xcaf00370,0,0,31,7865,7865,1,1,0,6,1,0,30,1,2,1,1,253,3
799081,2025-01-31 03:56:05.955485,59.478,8,3143.935596,59.479,1,0xcaf00370,0,0,31,1569,9760,2,0,0,6,1,0,25,1,2,1,1,253,3
799106,2025-01-31 03:56:05.956059,0.574,8,3143.93617,0.574,7,0xcaf00370,0,0,31,1569,9760,2,0,0,6,1,0,25,1,2,1,1,253,3
800710,2025-01-31 03:56:06.005244,49.185,8,3143.985355,49.185,1,0xcaf00370,0,0,31,1569,9760,3,1,0,38,1,0,5,2,0,1,9,250,1
